<collection xmlns="http://www.loc.gov/MARC21/slim">
<record>
  <leader>00572nz  a2200181n  4500</leader>
  <controlfield tag="001">11257559</controlfield>
  <controlfield tag="003">DLC</controlfield>
  <controlfield tag="005">20200103073013.0</controlfield>
  <controlfield tag="008">200102n| azannaabn          |a aaa     c</controlfield>
  <datafield tag="010" ind1=" " ind2=" ">
    <subfield code="a">no2020000106</subfield>
  </datafield>
  <datafield tag="035" ind1=" " ind2=" ">
    <subfield code="a">(OCoLC)oca12667647</subfield>
  </datafield>
  <datafield tag="040" ind1=" " ind2=" ">
    <subfield code="a">NIC</subfield>
    <subfield code="b">eng</subfield>
    <subfield code="e">rda</subfield>
    <subfield code="c">NIC</subfield>
  </datafield>
  <datafield tag="100" ind1="0" ind2=" ">
    <subfield code="a">Phichai Čhongphrairat</subfield>
  </datafield>
  <datafield tag="370" ind1=" " ind2=" ">
    <subfield code="a">Songkhla (Thailand : Province)</subfield>
    <subfield code="2">naf</subfield>
  </datafield>
  <datafield tag="375" ind1=" " ind2=" ">
    <subfield code="a">Males</subfield>
    <subfield code="2">lcdgt</subfield>
  </datafield>
  <datafield tag="377" ind1=" " ind2=" ">
    <subfield code="a">tha</subfield>
  </datafield>
  <datafield tag="400" ind1="1" ind2=" ">
    <subfield code="a">Čhongphrairat, Phichai</subfield>
  </datafield>
  <datafield tag="670" ind1=" " ind2=" ">
    <subfield code="a">Rō̜ithāng læ khwāmsongčham, 2019:</subfield>
    <subfield code="b">title page (Phichai Čhongphrairat) about the author page (born, Songkhla Province)</subfield>
  </datafield>
</record>