
<record>
  <leader>01252nz  a2200205n  4500</leader>
  <controlfield tag="001">11257560</controlfield>
  <controlfield tag="003">DLC</controlfield>
  <controlfield tag="005">20200103073013.0</controlfield>
  <controlfield tag="008">200102n| azannaabn          |n aaa     c</controlfield>
  <datafield tag="010" ind1=" " ind2=" ">
    <subfield code="a">no2020000107</subfield>
  </datafield>
  <datafield tag="035" ind1=" " ind2=" ">
    <subfield code="a">(OCoLC)oca12667648</subfield>
  </datafield>
  <datafield tag="040" ind1=" " ind2=" ">
    <subfield code="a">IAhCCS</subfield>
    <subfield code="b">eng</subfield>
    <subfield code="e">rda</subfield>
    <subfield code="c">IAhCCS</subfield>
  </datafield>
  <datafield tag="100" ind1="1" ind2=" ">
    <subfield code="a">Pittard, Dana J. H.</subfield>
  </datafield>
  <datafield tag="370" ind1=" " ind2=" ">
    <subfield code="e">Indianapolis (Ind.)</subfield>
    <subfield code="2">naf</subfield>
  </datafield>
  <datafield tag="372" ind1=" " ind2=" ">
    <subfield code="a">Military art and science</subfield>
    <subfield code="a">Terrorism</subfield>
    <subfield code="a">IS (Organization)</subfield>
    <subfield code="2">lcsh</subfield>
  </datafield>
  <datafield tag="374" ind1=" " ind2=" ">
    <subfield code="a">Retired military personnel</subfield>
    <subfield code="a">Authors</subfield>
    <subfield code="a">Businessmen</subfield>
    <subfield code="2">lcsh</subfield>
  </datafield>
  <datafield tag="375" ind1=" " ind2=" ">
    <subfield code="a">males</subfield>
    <subfield code="2">lcdgt</subfield>
  </datafield>
  <datafield tag="377" ind1=" " ind2=" ">
    <subfield code="a">eng</subfield>
  </datafield>
  <datafield tag="670" ind1=" " ind2=" ">
    <subfield code="a">Pittard, Dana, J. H. Hunting the Caliphate, 2019:</subfield>
    <subfield code="b">title page (Dana J.H. Pittard and Wes J. Bryant)</subfield>
  </datafield>
  <datafield tag="670" ind1=" " ind2=" ">
    <subfield code="a">Amazon.com, viewed Jan. 2, 2020</subfield>
    <subfield code="b">about the author (Dana J. H. Pittard retired from the U.S. Army in 2015 at the rank of Major General after 34 years of active duty service. He was a highly decorated combat leader and commanded units at every echelon from platoon to division, including multiple combat tours in Iraq and the Middle East. In 2014, he was picked to lead the initial U.S. response to halt the aggressive spread of ISIS in Iraq. Dana, a West Point graduate and Harvard fellow, is a vice president with a manufacturing company in Indiana. He currently lives in the Indianapolis area.)</subfield>
  </datafield>
</record>