
<record>
  <leader>01041nz  a2200241n  4500</leader>
  <controlfield tag="001">11257561</controlfield>
  <controlfield tag="003">DLC</controlfield>
  <controlfield tag="005">20200103073013.0</controlfield>
  <controlfield tag="008">200102n| azannaabn          |a aaa     c</controlfield>
  <datafield tag="010" ind1=" " ind2=" ">
    <subfield code="a">no2020000108</subfield>
  </datafield>
  <datafield tag="035" ind1=" " ind2=" ">
    <subfield code="a">(OCoLC)oca12667649</subfield>
  </datafield>
  <datafield tag="040" ind1=" " ind2=" ">
    <subfield code="a">ICrlF</subfield>
    <subfield code="b">eng</subfield>
    <subfield code="e">rda</subfield>
    <subfield code="c">ICrlF</subfield>
  </datafield>
  <datafield tag="046" ind1=" " ind2=" ">
    <subfield code="k">2008</subfield>
    <subfield code="2">edtf</subfield>
  </datafield>
  <datafield tag="100" ind1="1" ind2=" ">
    <subfield code="a">Kinney, Jeff.</subfield>
    <subfield code="t">Diary of a wimpy kid.</subfield>
    <subfield code="l">French</subfield>
  </datafield>
  <datafield tag="373" ind1=" " ind2=" ">
    <subfield code="a">Éditions du Seuil</subfield>
    <subfield code="2">naf</subfield>
  </datafield>
  <datafield tag="377" ind1=" " ind2=" ">
    <subfield code="a">fre</subfield>
  </datafield>
  <datafield tag="381" ind1=" " ind2=" ">
    <subfield code="a">Zimmermann</subfield>
  </datafield>
  <datafield tag="400" ind1="1" ind2=" ">
    <subfield code="a">Kinney, Jeff.</subfield>
    <subfield code="t">Diary of a wimpy kid.</subfield>
    <subfield code="p">Greg Heffley&apos;s journal.</subfield>
    <subfield code="l">French</subfield>
  </datafield>
  <datafield tag="400" ind1="1" ind2=" ">
    <subfield code="a">Kinney, Jeff.</subfield>
    <subfield code="t">Journal d&apos;un dégonflé.</subfield>
    <subfield code="p">Carnet de bord de Greg Heffley</subfield>
  </datafield>
  <datafield tag="400" ind1="1" ind2=" ">
    <subfield code="a">Kinney, Jeff.</subfield>
    <subfield code="t">Greg Heffley&apos;s journal.</subfield>
    <subfield code="l">French</subfield>
  </datafield>
  <datafield tag="400" ind1="1" ind2=" ">
    <subfield code="a">Kinney, Jeff.</subfield>
    <subfield code="t">Carnet de bord de Greg Heffley</subfield>
  </datafield>
  <datafield tag="670" ind1=" " ind2=" ">
    <subfield code="a">Kinney, Jeff. Journal d&apos;un dégonflé. Carnet de bord de Greg Heffley, 2009, c2008:</subfield>
    <subfield code="b">t.p. (English translaton by Natalie Zimmermann; Seuil) t.p. verso (original title: Diary of a wimpy kid)</subfield>
  </datafield>
  <datafield tag="670" ind1=" " ind2=" ">
    <subfield code="a">OCLC, Dec. 23, 2019</subfield>
    <subfield code="b">(original English title: Diary of a wimpy kid. Greg Heffley&apos;s journal)</subfield>
  </datafield>
</record>