
<record>
  <leader>01213nz  a2200241n  4500</leader>
  <controlfield tag="001">11257566</controlfield>
  <controlfield tag="003">DLC</controlfield>
  <controlfield tag="005">20200103073013.0</controlfield>
  <controlfield tag="008">200102n| azannaabn          |b aaa     c</controlfield>
  <datafield tag="010" ind1=" " ind2=" ">
    <subfield code="a">no2020000113</subfield>
  </datafield>
  <datafield tag="035" ind1=" " ind2=" ">
    <subfield code="a">(OCoLC)oca12667654</subfield>
  </datafield>
  <datafield tag="040" ind1=" " ind2=" ">
    <subfield code="a">InU</subfield>
    <subfield code="b">eng</subfield>
    <subfield code="e">rda</subfield>
    <subfield code="c">InU</subfield>
  </datafield>
  <datafield tag="046" ind1=" " ind2=" ">
    <subfield code="f">1980-12-19</subfield>
    <subfield code="2">edtf</subfield>
  </datafield>
  <datafield tag="100" ind1="1" ind2=" ">
    <subfield code="a">Khramt︠s︡ov, A. B.</subfield>
    <subfield code="q">(Aleksandr Borisovich),</subfield>
    <subfield code="d">1980-</subfield>
  </datafield>
  <datafield tag="373" ind1=" " ind2=" ">
    <subfield code="a">Ti︠u︡menskiĭ industrialʹnyĭ universitet</subfield>
    <subfield code="2">naf</subfield>
  </datafield>
  <datafield tag="374" ind1=" " ind2=" ">
    <subfield code="a">Historians</subfield>
    <subfield code="a">College teachers</subfield>
    <subfield code="2">lcsh</subfield>
  </datafield>
  <datafield tag="375" ind1=" " ind2=" ">
    <subfield code="a">Males</subfield>
    <subfield code="2">lcdgt</subfield>
  </datafield>
  <datafield tag="377" ind1=" " ind2=" ">
    <subfield code="a">rus</subfield>
  </datafield>
  <datafield tag="400" ind1="1" ind2=" ">
    <subfield code="a">Храмцов, А. Б.</subfield>
    <subfield code="q">(Александр Борисович),</subfield>
    <subfield code="d">1980-</subfield>
  </datafield>
  <datafield tag="400" ind1="1" ind2=" ">
    <subfield code="a">Khramt︠s︡ov, Aleksandr Borisovich,</subfield>
    <subfield code="d">1980-</subfield>
  </datafield>
  <datafield tag="667" ind1=" " ind2=" ">
    <subfield code="a">Non-Latin script reference not evaluated.</subfield>
  </datafield>
  <datafield tag="670" ind1=" " ind2=" ">
    <subfield code="a">Khramt︠s︡ov, A. B. Vlastʹ i obshchestvo v gorodakh Tobolʹskoĭ gubernii kont︠s︡a XIX-nachala XX veka, 2010:</subfield>
    <subfield code="b">title page (A.B. Khramt︠s︡ov)</subfield>
  </datafield>
  <datafield tag="670" ind1=" " ind2=" ">
    <subfield code="a">Ėnt︠s︡iklopedii︠a︡ mestnogo samoupravlenii︠a︡ website, January 2, 2020</subfield>
    <subfield code="b">(Khramt︠s︡ov Aleksandr Borisovich; born December 19, 1980; kandidat istoricheskikh nauk; dot︠s︡ent kafedry SIiPOSK, Ti︠u︡menskiĭ industrialʹnyĭ universitet; lists works)</subfield>
    <subfield code="u">http://emsu.ru/khramtsov/</subfield>
  </datafield>
</record>