
<record>
  <leader>00942nz  a2200205n  4500</leader>
  <controlfield tag="001">11257568</controlfield>
  <controlfield tag="003">DLC</controlfield>
  <controlfield tag="005">20200103073013.0</controlfield>
  <controlfield tag="008">200102n| azannaabn          |b aaa     c</controlfield>
  <datafield tag="010" ind1=" " ind2=" ">
    <subfield code="a">no2020000115</subfield>
  </datafield>
  <datafield tag="035" ind1=" " ind2=" ">
    <subfield code="a">(OCoLC)oca12667656</subfield>
  </datafield>
  <datafield tag="040" ind1=" " ind2=" ">
    <subfield code="a">InU</subfield>
    <subfield code="b">eng</subfield>
    <subfield code="e">rda</subfield>
    <subfield code="c">InU</subfield>
  </datafield>
  <datafield tag="046" ind1=" " ind2=" ">
    <subfield code="f">1981</subfield>
    <subfield code="2">edtf</subfield>
  </datafield>
  <datafield tag="100" ind1="1" ind2=" ">
    <subfield code="a">Shishova, N. E.</subfield>
    <subfield code="q">(Natalʹi︠a︡ Evgenʹevna),</subfield>
    <subfield code="d">1981-</subfield>
  </datafield>
  <datafield tag="372" ind1=" " ind2=" ">
    <subfield code="a">Law</subfield>
    <subfield code="2">lcsh</subfield>
  </datafield>
  <datafield tag="400" ind1="1" ind2=" ">
    <subfield code="a">Шишова, Н. Е.</subfield>
    <subfield code="q">(Наталья Евгеньевна),</subfield>
    <subfield code="d">1981-</subfield>
  </datafield>
  <datafield tag="400" ind1="1" ind2=" ">
    <subfield code="a">Shishova, Natalʹi︠a︡ Evgenʹevna,</subfield>
    <subfield code="d">1981-</subfield>
  </datafield>
  <datafield tag="667" ind1=" " ind2=" ">
    <subfield code="a">Non-Latin script reference not evaluated.</subfield>
  </datafield>
  <datafield tag="670" ind1=" " ind2=" ">
    <subfield code="a">Her Rassledovanie neispolnenii︠a︡ obʺi︠a︡zannosteĭ po vospitanii︠u︡ putem zhestokogo obrashchenii︠a︡ s nesovershennoletnim, 2018:</subfield>
    <subfield code="b">t.p. (N.E. Shishova) colophon (Shishova Natalʹi︠a︡ Evgenʹevna)</subfield>
  </datafield>
  <datafield tag="670" ind1=" " ind2=" ">
    <subfield code="a">Zakli︠u︡chenie Dissertat︠s︡ionnogo soveta D212.123.01, 2017:</subfield>
    <subfield code="b">(Shishova Natalʹi︠a︡ Evgenʹevna; b. 1981)</subfield>
  </datafield>
</record>