
<record>
  <leader>01294nz  a2200205n  4500</leader>
  <controlfield tag="001">11257571</controlfield>
  <controlfield tag="003">DLC</controlfield>
  <controlfield tag="005">20200103073013.0</controlfield>
  <controlfield tag="008">200102n| azannaabn          |a aaa     c</controlfield>
  <datafield tag="010" ind1=" " ind2=" ">
    <subfield code="a">no2020000118</subfield>
  </datafield>
  <datafield tag="035" ind1=" " ind2=" ">
    <subfield code="a">(OCoLC)oca12667659</subfield>
  </datafield>
  <datafield tag="040" ind1=" " ind2=" ">
    <subfield code="a">CtY</subfield>
    <subfield code="b">eng</subfield>
    <subfield code="e">rda</subfield>
    <subfield code="c">CtY</subfield>
  </datafield>
  <datafield tag="046" ind1=" " ind2=" ">
    <subfield code="f">1703~</subfield>
    <subfield code="g">1780~</subfield>
    <subfield code="2">edtf</subfield>
  </datafield>
  <datafield tag="100" ind1="0" ind2=" ">
    <subfield code="a">Ostenaco,</subfield>
    <subfield code="c">Cherokee Chief,</subfield>
    <subfield code="d">approximately 1703-approximately 1780</subfield>
  </datafield>
  <datafield tag="368" ind1=" " ind2=" ">
    <subfield code="a">Cherokee Indians</subfield>
    <subfield code="2">lcsh</subfield>
  </datafield>
  <datafield tag="400" ind1="0" ind2=" ">
    <subfield code="a">Judge Friend ,</subfield>
    <subfield code="c">Cherokee Chief,</subfield>
    <subfield code="d">approximately 1703-approximately 1780</subfield>
  </datafield>
  <datafield tag="400" ind1="0" ind2=" ">
    <subfield code="a">Austenaco,</subfield>
    <subfield code="c">Cherokee Chief,</subfield>
    <subfield code="d">approximately 1703-approximately 1780</subfield>
  </datafield>
  <datafield tag="670" ind1=" " ind2=" ">
    <subfield code="a">The warrior, the voyage, and the artist, 2020:</subfield>
    <subfield code="b">page 13 (Ostenaco was born probably in the 1710s in the Overhills town of Tellico ... regions of the Cherokee people)</subfield>
  </datafield>
  <datafield tag="670" ind1=" " ind2=" ">
    <subfield code="a">The West Virginia encyclopedia WWW site, viewed December 4, 2019</subfield>
    <subfield code="b">Ostenaco (about 1703-1780) was an Overhill Cherokee leader active on the Virginia frontier in the pre-Revolutionary period.</subfield>
    <subfield code="u">http://www.wvencyclopedia.org/articles/2371</subfield>
  </datafield>
  <datafield tag="670" ind1=" " ind2=" ">
    <subfield code="a">Tennessee historical magazine, September 1918</subfield>
    <subfield code="b">page 155 (Cherokee chidf, Judge Friend ... is known by three or four names, Ostenaco, or Austenaco ... Outacite) page 156 (Outacite (Judge Friend) ... is not the King of the Cherokees, but only one of their principle warriors.)</subfield>
  </datafield>
</record>