
<record>
  <leader>01187nz  a2200217n  4500</leader>
  <controlfield tag="001">11257572</controlfield>
  <controlfield tag="003">DLC</controlfield>
  <controlfield tag="005">20200103073013.0</controlfield>
  <controlfield tag="008">200102n| azannaabn          |b ana     c</controlfield>
  <datafield tag="010" ind1=" " ind2=" ">
    <subfield code="a">no2020000119</subfield>
  </datafield>
  <datafield tag="035" ind1=" " ind2=" ">
    <subfield code="a">(OCoLC)oca12667660</subfield>
  </datafield>
  <datafield tag="040" ind1=" " ind2=" ">
    <subfield code="a">DHMM</subfield>
    <subfield code="b">eng</subfield>
    <subfield code="e">rda</subfield>
    <subfield code="c">DHMM</subfield>
  </datafield>
  <datafield tag="151" ind1=" " ind2=" ">
    <subfield code="a">Soldato-Aleksandrovskoe (Russia)</subfield>
  </datafield>
  <datafield tag="451" ind1=" " ind2=" ">
    <subfield code="a">Солдато-Александровское (Russia)</subfield>
  </datafield>
  <datafield tag="451" ind1=" " ind2=" ">
    <subfield code="a">Soldato-Aleksandrovskoye (Russia)</subfield>
  </datafield>
  <datafield tag="451" ind1=" " ind2=" ">
    <subfield code="a">Soldatsko-Aleksandrovskoye (Russia)</subfield>
  </datafield>
  <datafield tag="667" ind1=" " ind2=" ">
    <subfield code="a">Non-Latin script references not evaluated.</subfield>
  </datafield>
  <datafield tag="670" ind1=" " ind2=" ">
    <subfield code="a">US Holocaust Memorial Museum catalog, 2 January 2020</subfield>
    <subfield code="b">(Soldato-Aleksandrovskoe (Russia))</subfield>
  </datafield>
  <datafield tag="670" ind1=" " ind2=" ">
    <subfield code="a">GEOnet, 2 January 2020</subfield>
    <subfield code="b">(Soldato-Aleksandrovskoye; PPL, 44°15ʹ55ʺN, 043°45ʹ22ʺE; Stavropolʹskiy Kray, Russia; variant: Солдато-Александровское, Soldatsko-Aleksandrovskoye)</subfield>
  </datafield>
  <datafield tag="670" ind1=" " ind2=" ">
    <subfield code="a">Всероссийская перепись населения 2002 года, 2 January 2020</subfield>
    <subfield code="b">(Солдато-Александровское с., Ставропольский край, Советский р-н))</subfield>
    <subfield code="u">http://www.perepis2002.ru/ct/html/abc/017.htm</subfield>
  </datafield>
  <datafield tag="781" ind1=" " ind2="0">
    <subfield code="z">Russia (Federation)</subfield>
    <subfield code="z">Soldato-Aleksandrovskoe</subfield>
  </datafield>
</record>