
<record>
  <leader>02572nz  a2200265n  4500</leader>
  <controlfield tag="001">11257577</controlfield>
  <controlfield tag="003">DLC</controlfield>
  <controlfield tag="005">20200103073013.0</controlfield>
  <controlfield tag="008">200102n| azannaabn          |a ana     c</controlfield>
  <datafield tag="010" ind1=" " ind2=" ">
    <subfield code="a">no2020000124</subfield>
  </datafield>
  <datafield tag="035" ind1=" " ind2=" ">
    <subfield code="a">(OCoLC)oca12667665</subfield>
  </datafield>
  <datafield tag="040" ind1=" " ind2=" ">
    <subfield code="a">InU</subfield>
    <subfield code="b">eng</subfield>
    <subfield code="e">rda</subfield>
    <subfield code="c">InU</subfield>
  </datafield>
  <datafield tag="046" ind1=" " ind2=" ">
    <subfield code="s">1994</subfield>
    <subfield code="2">edtf</subfield>
  </datafield>
  <datafield tag="111" ind1="2" ind2=" ">
    <subfield code="a">Annual Central Eurasian Studies Conference (Indiana University, Bloomington)</subfield>
  </datafield>
  <datafield tag="368" ind1=" " ind2=" ">
    <subfield code="a">Congresses and conventions</subfield>
    <subfield code="2">lcsh</subfield>
  </datafield>
  <datafield tag="370" ind1=" " ind2=" ">
    <subfield code="e">Bloomington (Ind.)</subfield>
    <subfield code="2">naf</subfield>
  </datafield>
  <datafield tag="411" ind1="2" ind2=" ">
    <subfield code="a">Central Eurasian Studies Conference (Indiana University, Bloomington)</subfield>
  </datafield>
  <datafield tag="410" ind1="2" ind2=" ">
    <subfield code="a">Indiana University, Bloomington.</subfield>
    <subfield code="b">Department of Central Eurasian Studies.</subfield>
    <subfield code="b">Annual Central Eurasian Studies Conference</subfield>
  </datafield>
  <datafield tag="411" ind1="2" ind2=" ">
    <subfield code="a">Annual Association of Central Eurasian Students Conference at Indiana University</subfield>
  </datafield>
  <datafield tag="411" ind1="2" ind2=" ">
    <subfield code="a">ACES Conference (Indiana University, Bloomington)</subfield>
  </datafield>
  <datafield tag="667" ind1=" " ind2=" ">
    <subfield code="a">See also related access points for individual instances of this conference which include specific information about the number, date, or place of the individual conference.</subfield>
  </datafield>
  <datafield tag="667" ind1=" " ind2=" ">
    <subfield code="a">Not to be confused with: Central Eurasian Studies Conference</subfield>
  </datafield>
  <datafield tag="670" ind1=" " ind2=" ">
    <subfield code="a">Annual Central Eurasian Studies Conference (Indiana University, Bloomington). Annual Central Eurasian Studies Conference, abstracts of papers, 1994-1996, 1996:</subfield>
    <subfield code="b">title page verso (Third Annual Central Eurasian Studies Conference) preface (first three Central Eurasian Studies Conferences; Indiana University; initiated under the auspices of the Department of Central Eurasian Studies in 1994; Bloomington, Indiana; [in cooperation with] the Association of Central Eurasian Students)</subfield>
  </datafield>
  <datafield tag="670" ind1=" " ind2=" ">
    <subfield code="a">The Eighth Annual Central Eurasian Studies Conference &amp; the Mongolia Society Fortieth Anniversary Meeting, 2001:</subfield>
    <subfield code="b">preface (combined Eighth Annual Central Eurasian Studies Conference and the Mongolia Society Fortieth Anniversary Meeting; held at Indiana University, 30 March-1 April 2001; inaugurated under the auspices of Indiana University&apos;s Department of Central Eurasian Studies (CEUS); in 1997, the Association of Central Eurasian Students (ACES) at Indiana University assumed responsibility for its organization and execution)</subfield>
  </datafield>
  <datafield tag="670" ind1=" " ind2=" ">
    <subfield code="a">ACES, The Association of Central Eurasian Students at Indiana University website, January 2, 2020</subfield>
    <subfield code="b">(the Association of Central Eurasian Students at Indiana University is now requesting submissions for our annual conference; 2020; Annual Association of Central Eurasian Students Conference at Indiana University in Bloomington, Indiana, February 20, 2020; 2020 ACES Conference)</subfield>
    <subfield code="u">https://aces.sitehost.iu.edu/</subfield>
  </datafield>
</record>