
<record>
  <leader>00850nz  a2200169n  4500</leader>
  <controlfield tag="001">11257579</controlfield>
  <controlfield tag="003">DLC</controlfield>
  <controlfield tag="005">20200103073014.0</controlfield>
  <controlfield tag="008">200102n| azannaabn          |b aaa     c</controlfield>
  <datafield tag="010" ind1=" " ind2=" ">
    <subfield code="a">no2020000126</subfield>
  </datafield>
  <datafield tag="035" ind1=" " ind2=" ">
    <subfield code="a">(OCoLC)oca12667667</subfield>
  </datafield>
  <datafield tag="040" ind1=" " ind2=" ">
    <subfield code="a">MH-L</subfield>
    <subfield code="b">eng</subfield>
    <subfield code="e">rda</subfield>
    <subfield code="c">MH-L</subfield>
  </datafield>
  <datafield tag="100" ind1="1" ind2=" ">
    <subfield code="a">Ishikawa, Noriya</subfield>
  </datafield>
  <datafield tag="373" ind1=" " ind2=" ">
    <subfield code="a">Nishimura Asahi Hōritsu Jimusho</subfield>
    <subfield code="2">naf</subfield>
  </datafield>
  <datafield tag="400" ind1="1" ind2=" ">
    <subfield code="a">石川智也</subfield>
  </datafield>
  <datafield tag="667" ind1=" " ind2=" ">
    <subfield code="a">Non-Latin script reference not evaluated.</subfield>
  </datafield>
  <datafield tag="670" ind1=" " ind2=" ">
    <subfield code="a">Kojin jōhō hogo hōsei to jitsumu taiō, 2017:</subfield>
    <subfield code="b">title page (石川智也 = Ishikawa Noriya) page 485 (Jpn reading [in kana]; lawyer at Nishimura Asahi Hōritsu Jiumusho ; graduated from Tōkyō Daigaku Hōgakubu in 2005; LL.M. from University of Virginia School of Law in 2015 and from Max Planck Institute for Innovation and Competition in 2016; admitted to the New York State Bar Association in 2017)</subfield>
  </datafield>
</record>