
<record>
  <leader>00563nz  a2200145n  4500</leader>
  <controlfield tag="001">11257580</controlfield>
  <controlfield tag="003">DLC</controlfield>
  <controlfield tag="005">20200103073014.0</controlfield>
  <controlfield tag="008">200102n| azannaabn          |a aaa     c</controlfield>
  <datafield tag="010" ind1=" " ind2=" ">
    <subfield code="a">no2020000127</subfield>
  </datafield>
  <datafield tag="035" ind1=" " ind2=" ">
    <subfield code="a">(OCoLC)oca12667668</subfield>
  </datafield>
  <datafield tag="040" ind1=" " ind2=" ">
    <subfield code="a">ICU</subfield>
    <subfield code="b">eng</subfield>
    <subfield code="e">rda</subfield>
    <subfield code="c">ICU</subfield>
  </datafield>
  <datafield tag="100" ind1="1" ind2=" ">
    <subfield code="a">Vipper, R.</subfield>
    <subfield code="t">Rim i rannee khristianstvo.</subfield>
    <subfield code="l">Polish</subfield>
    <subfield code="s">(Ładyka)</subfield>
  </datafield>
  <datafield tag="400" ind1="1" ind2=" ">
    <subfield code="a">Vipper, R.</subfield>
    <subfield code="t">Rzym i wczesne chrześcijaństwo</subfield>
  </datafield>
  <datafield tag="670" ind1=" " ind2=" ">
    <subfield code="a">Vipper, R. Rzym i wczesne chrześcijaństwo, 1960:</subfield>
    <subfield code="b">title page verso (title of the original: Rim i rannee khristianstvo; tłumaczył [= tranlated by] T. Ładyka])</subfield>
  </datafield>
</record>