
<record>
  <leader>01016nz  a2200205n  4500</leader>
  <controlfield tag="001">11257582</controlfield>
  <controlfield tag="003">DLC</controlfield>
  <controlfield tag="005">20200103073014.0</controlfield>
  <controlfield tag="008">200102n| azannaabn          |n aaa     c</controlfield>
  <datafield tag="010" ind1=" " ind2=" ">
    <subfield code="a">no2020000129</subfield>
  </datafield>
  <datafield tag="035" ind1=" " ind2=" ">
    <subfield code="a">(OCoLC)oca12667670</subfield>
  </datafield>
  <datafield tag="040" ind1=" " ind2=" ">
    <subfield code="a">ICrlF</subfield>
    <subfield code="b">eng</subfield>
    <subfield code="e">rda</subfield>
    <subfield code="c">ICrlF</subfield>
  </datafield>
  <datafield tag="100" ind1="1" ind2=" ">
    <subfield code="a">Jankowski, Matthew</subfield>
    <subfield code="c">(Author at Gareth Stevens Publishing)</subfield>
  </datafield>
  <datafield tag="372" ind1=" " ind2=" ">
    <subfield code="a">Children&apos;s literature</subfield>
    <subfield code="2">lcsh</subfield>
  </datafield>
  <datafield tag="373" ind1=" " ind2=" ">
    <subfield code="a">Gareth Stevens Publishing</subfield>
    <subfield code="2">naf</subfield>
  </datafield>
  <datafield tag="374" ind1=" " ind2=" ">
    <subfield code="a">Authors</subfield>
    <subfield code="2">lcsh</subfield>
  </datafield>
  <datafield tag="377" ind1=" " ind2=" ">
    <subfield code="a">eng</subfield>
  </datafield>
  <datafield tag="667" ind1=" " ind2=" ">
    <subfield code="a">Do not confuse with Jankowski, Matthew; software engineer.</subfield>
  </datafield>
  <datafield tag="670" ind1=" " ind2=" ">
    <subfield code="a">Jankowski, Matthew (Author at Gareth Stevens Publishing). The greatest basketball players of all time, 2020:</subfield>
    <subfield code="b">title page (Matthew Jankowski ; publisher: Gareth Stevens Publishing)</subfield>
  </datafield>
  <datafield tag="670" ind1=" " ind2=" ">
    <subfield code="a">Goodreads website, viewed Jan. 2, 2020</subfield>
    <subfield code="b">(Matthew Jankowski ; Attack of the... titles published by Gareth Stevens Publishing ; The modern Nerd&apos;s guide to esports published by Gareth Stevens Publishing)</subfield>
    <subfield code="u">https://www.goodreads.com/author/list/8472485.Matthew_Jankowski</subfield>
  </datafield>
</record>