
<record>
  <leader>01402nz  a2200205n  4500</leader>
  <controlfield tag="001">11257585</controlfield>
  <controlfield tag="003">DLC</controlfield>
  <controlfield tag="005">20200103073014.0</controlfield>
  <controlfield tag="008">200102n| azannaabn          |n aaa     c</controlfield>
  <datafield tag="010" ind1=" " ind2=" ">
    <subfield code="a">no2020000132</subfield>
  </datafield>
  <datafield tag="035" ind1=" " ind2=" ">
    <subfield code="a">(OCoLC)oca12667673</subfield>
  </datafield>
  <datafield tag="040" ind1=" " ind2=" ">
    <subfield code="a">IAhCCS</subfield>
    <subfield code="b">eng</subfield>
    <subfield code="e">rda</subfield>
    <subfield code="c">IAhCCS</subfield>
  </datafield>
  <datafield tag="100" ind1="1" ind2=" ">
    <subfield code="a">Patel, Anisha</subfield>
  </datafield>
  <datafield tag="370" ind1=" " ind2=" ">
    <subfield code="f">California</subfield>
    <subfield code="2">naf</subfield>
  </datafield>
  <datafield tag="372" ind1=" " ind2=" ">
    <subfield code="a">Children -- Health and hygiene</subfield>
    <subfield code="a">Health promotion</subfield>
    <subfield code="2">lcsh</subfield>
  </datafield>
  <datafield tag="374" ind1=" " ind2=" ">
    <subfield code="a">Pediatricians</subfield>
    <subfield code="2">lcsh</subfield>
  </datafield>
  <datafield tag="375" ind1=" " ind2=" ">
    <subfield code="a">females</subfield>
    <subfield code="2">lcdgt</subfield>
  </datafield>
  <datafield tag="377" ind1=" " ind2=" ">
    <subfield code="a">eng</subfield>
  </datafield>
  <datafield tag="670" ind1=" " ind2=" ">
    <subfield code="a">Lee, Jennifer Tyler. Half the sugar, all the love, 2019:</subfield>
    <subfield code="b">title page (Jennifer Tyler Lee and Anisha I. Patel, MD, MSPH)</subfield>
  </datafield>
  <datafield tag="670" ind1=" " ind2=" ">
    <subfield code="a">Publisher&apos;s web-site, viewed Jan. 2, 2020</subfield>
    <subfield code="b">(Dr. Anisha I. Patel is an Associate Professor in the Division of General Pediatrics at Stanford University and an affiliate faculty member at the Philip R. Lee Institute for Health Policy Studies at the University of California, San Francisco.  Dr. Patel practices general pediatrics at the Gardner Packard Children&apos;s Health Center and cares for newborns at Stanford&apos;s Lucile Packard Children&apos;s Hospital. Dr. Patel&apos;s research focuses on child health promotion, including helping children grow up at a healthy weight. She has conducted numerous studies to evaluate interventions and policies that help children and their families reduce daily sugar intake, particularly from sugary drinks.)</subfield>
    <subfield code="u">https://www.workman.com/authors/anisha-patel</subfield>
  </datafield>
</record>