
<record>
  <leader>00642nz  a2200193n  4500</leader>
  <controlfield tag="001">11257587</controlfield>
  <controlfield tag="003">DLC</controlfield>
  <controlfield tag="005">20200103073014.0</controlfield>
  <controlfield tag="008">200102n| azannaabn          |a aaa     c</controlfield>
  <datafield tag="010" ind1=" " ind2=" ">
    <subfield code="a">no2020000134</subfield>
  </datafield>
  <datafield tag="035" ind1=" " ind2=" ">
    <subfield code="a">(OCoLC)oca12667675</subfield>
  </datafield>
  <datafield tag="040" ind1=" " ind2=" ">
    <subfield code="a">ICrlF</subfield>
    <subfield code="b">eng</subfield>
    <subfield code="e">rda</subfield>
    <subfield code="c">ICrlF</subfield>
  </datafield>
  <datafield tag="046" ind1=" " ind2=" ">
    <subfield code="k">2019</subfield>
    <subfield code="2">edtf</subfield>
  </datafield>
  <datafield tag="100" ind1="1" ind2=" ">
    <subfield code="a">Holt, Christopher,</subfield>
    <subfield code="d">1980-</subfield>
    <subfield code="t">Dark waters.</subfield>
    <subfield code="l">Russian</subfield>
  </datafield>
  <datafield tag="373" ind1=" " ind2=" ">
    <subfield code="a">Azbuka (Firm)</subfield>
    <subfield code="2">naf</subfield>
  </datafield>
  <datafield tag="377" ind1=" " ind2=" ">
    <subfield code="a">rus</subfield>
  </datafield>
  <datafield tag="400" ind1="1" ind2=" ">
    <subfield code="a">Holt, Christopher,</subfield>
    <subfield code="d">1980-</subfield>
    <subfield code="t">Tayna trokh kolets</subfield>
  </datafield>
  <datafield tag="670" ind1=" " ind2=" ">
    <subfield code="a">Holt, Christopher. Tayna trokh kolets, c2019 :</subfield>
    <subfield code="b">t.p. verso (Dark waters) t.p. (Azbuka)</subfield>
  </datafield>
  <datafield tag="670" ind1=" " ind2=" ">
    <subfield code="a">Google translate Jan. 2, 2020</subfield>
    <subfield code="b">(Dark waters = Tayna trokh kolets)</subfield>
  </datafield>
</record>