
<record>
  <leader>00632nz  a2200145n  4500</leader>
  <controlfield tag="001">11257589</controlfield>
  <controlfield tag="003">DLC</controlfield>
  <controlfield tag="005">20200103073014.0</controlfield>
  <controlfield tag="008">200102n| azannaabn          |n aaa     c</controlfield>
  <datafield tag="010" ind1=" " ind2=" ">
    <subfield code="a">no2020000136</subfield>
  </datafield>
  <datafield tag="035" ind1=" " ind2=" ">
    <subfield code="a">(OCoLC)oca12667677</subfield>
  </datafield>
  <datafield tag="040" ind1=" " ind2=" ">
    <subfield code="a">NmSSL</subfield>
    <subfield code="b">eng</subfield>
    <subfield code="e">rda</subfield>
    <subfield code="c">NmSSL</subfield>
  </datafield>
  <datafield tag="100" ind1="1" ind2=" ">
    <subfield code="a">Smith, Milton O.</subfield>
  </datafield>
  <datafield tag="373" ind1=" " ind2=" ">
    <subfield code="a">University of Washington. College of Forest Resources</subfield>
    <subfield code="2">naf</subfield>
  </datafield>
  <datafield tag="670" ind1=" " ind2=" ">
    <subfield code="a">Eddy-correlation measurements of evaporation from bare soil and of evapotranspiration from saltcedar groves in the Pecos River flood plain, New Mexico, 1980:</subfield>
    <subfield code="b">title page (Milton O. Smith, co-investigator; College of Forest Resources, University of Washington)</subfield>
  </datafield>
</record>