
<record>
  <leader>00951nz  a2200241n  4500</leader>
  <controlfield tag="001">11257592</controlfield>
  <controlfield tag="003">DLC</controlfield>
  <controlfield tag="005">20200103073014.0</controlfield>
  <controlfield tag="008">200102n| azaabaaan          |b ana     c</controlfield>
  <datafield tag="010" ind1=" " ind2=" ">
    <subfield code="a">no2020000139</subfield>
  </datafield>
  <datafield tag="035" ind1=" " ind2=" ">
    <subfield code="a">(OCoLC)oca12667680</subfield>
  </datafield>
  <datafield tag="040" ind1=" " ind2=" ">
    <subfield code="a">NNC</subfield>
    <subfield code="b">eng</subfield>
    <subfield code="e">rda</subfield>
    <subfield code="c">NNC</subfield>
  </datafield>
  <datafield tag="130" ind1=" " ind2="0">
    <subfield code="a">Luojia fa xue jing pin wen ku</subfield>
  </datafield>
  <datafield tag="380" ind1=" " ind2=" ">
    <subfield code="a">Series (Publications)</subfield>
    <subfield code="a">Monographic series</subfield>
    <subfield code="2">lcsh</subfield>
  </datafield>
  <datafield tag="410" ind1="2" ind2=" ">
    <subfield code="a">Wuhan da xue.</subfield>
    <subfield code="b">Fa xue yuan.</subfield>
    <subfield code="t">Luojia fa xue jing pin wen ku</subfield>
  </datafield>
  <datafield tag="410" ind1="2" ind2=" ">
    <subfield code="a">Wuhan da xue.</subfield>
    <subfield code="b">Fa xue yuan.</subfield>
    <subfield code="t">珞珈法学精品文库</subfield>
  </datafield>
  <datafield tag="430" ind1=" " ind2="0">
    <subfield code="a">珞珈法学精品文库</subfield>
  </datafield>
  <datafield tag="643" ind1=" " ind2=" ">
    <subfield code="a">Beijing</subfield>
    <subfield code="b">She hui ke xue wen xian chu ban she</subfield>
    <subfield code="d">some issues</subfield>
  </datafield>
  <datafield tag="644" ind1=" " ind2=" ">
    <subfield code="a">f</subfield>
    <subfield code="5">NNC</subfield>
  </datafield>
  <datafield tag="645" ind1=" " ind2=" ">
    <subfield code="a">t</subfield>
    <subfield code="5">DPCC</subfield>
    <subfield code="5">NNC</subfield>
  </datafield>
  <datafield tag="646" ind1=" " ind2=" ">
    <subfield code="a">s</subfield>
    <subfield code="5">NNC</subfield>
  </datafield>
  <datafield tag="667" ind1=" " ind2=" ">
    <subfield code="a">Non-Latin script references not evaluated.</subfield>
  </datafield>
  <datafield tag="670" ind1=" " ind2=" ">
    <subfield code="a">Min shi su song jin zhi chong fu qi su yan jiu, 2019:</subfield>
    <subfield code="b">t.p. (珞珈法学精品文库 = Luojia fa xue jing pin wen ku) p. 3 of preface (the series was issued by Wuhan da xue fa xue yuan)</subfield>
  </datafield>
</record>