
<record>
  <leader>01832nz  a2200265n  4500</leader>
  <controlfield tag="001">11257596</controlfield>
  <controlfield tag="003">DLC</controlfield>
  <controlfield tag="005">20200103073014.0</controlfield>
  <controlfield tag="008">200102n| azannaabn          |a aaa     c</controlfield>
  <datafield tag="010" ind1=" " ind2=" ">
    <subfield code="a">no2020000143</subfield>
  </datafield>
  <datafield tag="035" ind1=" " ind2=" ">
    <subfield code="a">(OCoLC)oca12667684</subfield>
  </datafield>
  <datafield tag="040" ind1=" " ind2=" ">
    <subfield code="a">MiBsA</subfield>
    <subfield code="b">eng</subfield>
    <subfield code="c">MiBsA</subfield>
    <subfield code="e">rda</subfield>
  </datafield>
  <datafield tag="046" ind1=" " ind2=" ">
    <subfield code="f">19311119</subfield>
    <subfield code="g">20171024</subfield>
  </datafield>
  <datafield tag="100" ind1="1" ind2=" ">
    <subfield code="a">Bauer, David H.</subfield>
    <subfield code="q">(David Herbert),</subfield>
    <subfield code="d">1931-2017</subfield>
  </datafield>
  <datafield tag="370" ind1=" " ind2=" ">
    <subfield code="a">Pittsburgh, Pa.</subfield>
    <subfield code="b">Hendersonville, N.C.</subfield>
  </datafield>
  <datafield tag="373" ind1=" " ind2=" ">
    <subfield code="a">Andrews University</subfield>
    <subfield code="s">1968</subfield>
    <subfield code="t">1984</subfield>
  </datafield>
  <datafield tag="373" ind1=" " ind2=" ">
    <subfield code="a">Hinsdale Hospital Foundation</subfield>
    <subfield code="s">1984</subfield>
    <subfield code="t">1996</subfield>
  </datafield>
  <datafield tag="374" ind1=" " ind2=" ">
    <subfield code="a">Educational administrator</subfield>
    <subfield code="a">Hospital administrator</subfield>
  </datafield>
  <datafield tag="375" ind1=" " ind2=" ">
    <subfield code="a">male</subfield>
  </datafield>
  <datafield tag="377" ind1=" " ind2=" ">
    <subfield code="a">eng</subfield>
  </datafield>
  <datafield tag="400" ind1="1" ind2=" ">
    <subfield code="a">Bauer, David Herbert,</subfield>
    <subfield code="d">1931-2017</subfield>
  </datafield>
  <datafield tag="670" ind1=" " ind2=" ">
    <subfield code="a">The role and responsibilities of Andrews University trustees as perceived by themselves, c1982:</subfield>
    <subfield code="b">t.p. (David H. Bauer, Ed.D. from Andrews University, Mich.) leaf 180 (David Herbert Bauer; b. Nov. 19, 1931 in Pittsburgh, Pa.; B.A., Southern Adventist University, 1956; M.A., Andrews University, 1957; vice president, development and public relations, Andrews University, 1968-84)</subfield>
  </datafield>
  <datafield tag="670" ind1=" " ind2=" ">
    <subfield code="a">Andrews University website, Jan. 2, 2020</subfield>
    <subfield code="b">(David Herbert Bauer; life: Nov 19, 1931-Oct. 24, 2017; gender: male)</subfield>
  </datafield>
  <datafield tag="670" ind1=" " ind2=" ">
    <subfield code="a">Herald Palladium website, Jan. 2, 2020</subfield>
    <subfield code="b">(David Herbert Bauer; president, Hinsdale Hospital Foundation, 1984-96; d. Oct. 24, 2017 in Hendersonville, N.C.)</subfield>
  </datafield>
  <datafield tag="678" ind1="0" ind2=" ">
    <subfield code="a">David H. Bauer was born on Nov. 19, 1931 in Pittsburg, Pa.  He graduated with B.A. from Southern Adventist University in 1956.  He finished his M.A. at Andrews University, Mich. in 1957.  He completed his Ph.D. at Andrews University in 1982.  He served vice president for development and public relations at Andrews University from 1968 to 1984.  He was president of Hinsdale Hospital Foundation from 1984 to 1996.  He died on Oct. 24, 2017 in Hendersonville, N.C.</subfield>
  </datafield>
</record>