
<record>
  <leader>00928nz  a2200193n  4500</leader>
  <controlfield tag="001">11257597</controlfield>
  <controlfield tag="003">DLC</controlfield>
  <controlfield tag="005">20200103073014.0</controlfield>
  <controlfield tag="008">200102n| azannaabn          |a ana     c</controlfield>
  <datafield tag="010" ind1=" " ind2=" ">
    <subfield code="a">no2020000144</subfield>
  </datafield>
  <datafield tag="035" ind1=" " ind2=" ">
    <subfield code="a">(OCoLC)oca12667685</subfield>
  </datafield>
  <datafield tag="040" ind1=" " ind2=" ">
    <subfield code="a">NNU-L</subfield>
    <subfield code="b">eng</subfield>
    <subfield code="e">rda</subfield>
    <subfield code="c">NNU-L</subfield>
  </datafield>
  <datafield tag="110" ind1="2" ind2=" ">
    <subfield code="a">Furman Academic Program (New York University. School of Law)</subfield>
  </datafield>
  <datafield tag="370" ind1=" " ind2=" ">
    <subfield code="e">New York (N.Y.)</subfield>
    <subfield code="2">naf</subfield>
  </datafield>
  <datafield tag="372" ind1=" " ind2=" ">
    <subfield code="a">Law--Study and teaching</subfield>
    <subfield code="2">lcsh</subfield>
  </datafield>
  <datafield tag="410" ind1="2" ind2=" ">
    <subfield code="a">New York University.</subfield>
    <subfield code="b">School of Law.</subfield>
    <subfield code="b">Furman Academic Program</subfield>
  </datafield>
  <datafield tag="510" ind1="2" ind2=" ">
    <subfield code="w">r</subfield>
    <subfield code="i">Hierarchical superior:</subfield>
    <subfield code="a">New York University.</subfield>
    <subfield code="b">School of Law</subfield>
  </datafield>
  <datafield tag="670" ind1=" " ind2=" ">
    <subfield code="a">Furman scholarship, between 2010 and 2019:</subfield>
    <subfield code="b">cover, v. 1-2 (NYU Law, Furman Academic Program)</subfield>
  </datafield>
  <datafield tag="670" ind1=" " ind2=" ">
    <subfield code="a">Furman Academic Program home page, viewed Jan. 2, 2020 (Furman Academic Program; designed to train future law professors; includes both student Furman Scholars and post-graduate Furman Fellows; New York Univ. School of Law, New York, NY)</subfield>
  </datafield>
</record>