
<record>
  <leader>00497nz  a2200145n  4500</leader>
  <controlfield tag="001">11257603</controlfield>
  <controlfield tag="003">DLC</controlfield>
  <controlfield tag="005">20200103073015.0</controlfield>
  <controlfield tag="008">200102n| azannaabn          |n aaa     c</controlfield>
  <datafield tag="010" ind1=" " ind2=" ">
    <subfield code="a">no2020000150</subfield>
  </datafield>
  <datafield tag="035" ind1=" " ind2=" ">
    <subfield code="a">(OCoLC)oca12667691</subfield>
  </datafield>
  <datafield tag="040" ind1=" " ind2=" ">
    <subfield code="a">NjP</subfield>
    <subfield code="b">eng</subfield>
    <subfield code="e">rda</subfield>
    <subfield code="c">NjP</subfield>
  </datafield>
  <datafield tag="100" ind1="1" ind2=" ">
    <subfield code="a">Brauer, Franziska</subfield>
  </datafield>
  <datafield tag="377" ind1=" " ind2=" ">
    <subfield code="a">ger</subfield>
  </datafield>
  <datafield tag="670" ind1=" " ind2=" ">
    <subfield code="a">Die Reformatorenfenster der Evangelischen Stadtkirche Ravensburg, c2019:</subfield>
    <subfield code="b">title page (Franziska Brauer) page 288 (Fachhochschule Erfurt, Fachbereich Glasmalerei und Objekte aus Glas)</subfield>
  </datafield>
</record>