
<record>
  <leader>00800nz  a2200217n  4500</leader>
  <controlfield tag="001">11257613</controlfield>
  <controlfield tag="003">DLC</controlfield>
  <controlfield tag="005">20200103073015.0</controlfield>
  <controlfield tag="008">200102n| azannaabn          |n aaa     c</controlfield>
  <datafield tag="010" ind1=" " ind2=" ">
    <subfield code="a">no2020000160</subfield>
  </datafield>
  <datafield tag="035" ind1=" " ind2=" ">
    <subfield code="a">(OCoLC)oca12667701</subfield>
  </datafield>
  <datafield tag="040" ind1=" " ind2=" ">
    <subfield code="a">NjP</subfield>
    <subfield code="b">eng</subfield>
    <subfield code="e">rda</subfield>
    <subfield code="c">NjP</subfield>
  </datafield>
  <datafield tag="046" ind1=" " ind2=" ">
    <subfield code="f">1923-07-21</subfield>
    <subfield code="g">2014-12-18</subfield>
    <subfield code="2">edtf</subfield>
  </datafield>
  <datafield tag="100" ind1="1" ind2=" ">
    <subfield code="a">Lamorlette, Jean,</subfield>
    <subfield code="d">1923-2014</subfield>
  </datafield>
  <datafield tag="370" ind1=" " ind2=" ">
    <subfield code="a">Bar-le-Duc (France)</subfield>
    <subfield code="2">naf</subfield>
  </datafield>
  <datafield tag="370" ind1=" " ind2=" ">
    <subfield code="b">Montagnac-sur-Lède</subfield>
  </datafield>
  <datafield tag="372" ind1=" " ind2=" ">
    <subfield code="a">Art</subfield>
    <subfield code="2">lcsh</subfield>
  </datafield>
  <datafield tag="374" ind1=" " ind2=" ">
    <subfield code="a">Artists</subfield>
    <subfield code="a">Illustrators</subfield>
    <subfield code="a">Painters</subfield>
    <subfield code="2">lcsh</subfield>
  </datafield>
  <datafield tag="377" ind1=" " ind2=" ">
    <subfield code="a">fre</subfield>
  </datafield>
  <datafield tag="670" ind1=" " ind2=" ">
    <subfield code="a">Si vous voulez construire un logement, 1952:</subfield>
    <subfield code="b">colophon (cover illustration by Jean Lamorlette)</subfield>
  </datafield>
  <datafield tag="670" ind1=" " ind2=" ">
    <subfield code="a">Jean Lamorlette WWW site, December 16, 2019</subfield>
    <subfield code="b">(Jean Lamorlette; born July 21, 1923 in Bar-le-Duc; died Dec. 18, 2014 in Montagnac-sur-Lède; artist and painter)</subfield>
  </datafield>
</record>