
<record>
  <leader>01951nz  a2200289n  4500</leader>
  <controlfield tag="001">11257616</controlfield>
  <controlfield tag="003">DLC</controlfield>
  <controlfield tag="005">20200103073015.0</controlfield>
  <controlfield tag="008">200102n| azannaabn          |a ana     c</controlfield>
  <datafield tag="010" ind1=" " ind2=" ">
    <subfield code="a">no2020000163</subfield>
  </datafield>
  <datafield tag="035" ind1=" " ind2=" ">
    <subfield code="a">(OCoLC)oca12667704</subfield>
  </datafield>
  <datafield tag="040" ind1=" " ind2=" ">
    <subfield code="a">DGU</subfield>
    <subfield code="b">eng</subfield>
    <subfield code="e">rda</subfield>
    <subfield code="c">DGU</subfield>
  </datafield>
  <datafield tag="110" ind1="2" ind2=" ">
    <subfield code="a">Alter Orden vom St. Georg</subfield>
  </datafield>
  <datafield tag="410" ind1="2" ind2=" ">
    <subfield code="a">Orden der Vier Römischen Kaiser</subfield>
  </datafield>
  <datafield tag="410" ind1="2" ind2=" ">
    <subfield code="a">Orden vom Alten Adel</subfield>
  </datafield>
  <datafield tag="410" ind1="2" ind2=" ">
    <subfield code="a">Ordre Chapitral d&apos;Ancienne Noblesse des Quatre Empereurs d&apos;Allemagne</subfield>
  </datafield>
  <datafield tag="410" ind1="2" ind2=" ">
    <subfield code="a">Ordre des Quatre Empereurs</subfield>
  </datafield>
  <datafield tag="410" ind1="2" ind2=" ">
    <subfield code="a">Ordre Chapitral des Quatre Empereurs</subfield>
  </datafield>
  <datafield tag="410" ind1="2" ind2=" ">
    <subfield code="a">Ordre d&apos;Ancienne Noblesse</subfield>
  </datafield>
  <datafield tag="410" ind1="2" ind2=" ">
    <subfield code="a">Order of the Four Emperors</subfield>
  </datafield>
  <datafield tag="410" ind1="2" ind2=" ">
    <subfield code="a">Order of the Old Nobility</subfield>
  </datafield>
  <datafield tag="410" ind1="2" ind2=" ">
    <subfield code="a">Ancient Order of Saint George</subfield>
  </datafield>
  <datafield tag="670" ind1=" " ind2=" ">
    <subfield code="a">Ordre Chapitral d&apos;Ancienne Noblesse des Quatre Empereurs d&apos;Allemagne, 1866:</subfield>
    <subfield code="b">title page (Ordre Chapitral d&apos;Ancienne Noblesse des Quatre Empereurs d&apos;Allemagne) planche 1 (L&apos;Ordre des Quatre Empereurs) page [5] (founded in 1308)</subfield>
  </datafield>
  <datafield tag="670" ind1=" " ind2=" ">
    <subfield code="a">aovstg.org, January 2, 2020:</subfield>
    <subfield code="b">(Alter Orden vom St. Georg, gennant Orden der Vier Römischen Kaiser)</subfield>
    <subfield code="u">https://www.aovstg.org/</subfield>
  </datafield>
  <datafield tag="670" ind1=" " ind2=" ">
    <subfield code="a">Wikipedia, January 2, 2020:</subfield>
    <subfield code="b">(Order of the Four Emperors; Order of the Old Nobility; Ancient Order of Saint George; historic chivalric order, first established in 1608; re-founded as a seculary community in 1768 by Count Philipp Ferdinand of Limburg Stirum)</subfield>
    <subfield code="u">https://en.wikipedia.org/wiki/Order_of_the_Four_Emperors</subfield>
  </datafield>
  <datafield tag="670" ind1=" " ind2=" ">
    <subfield code="a">German Wikipedia, January 2, 2020:</subfield>
    <subfield code="b">(Alter Orden vom St. Georg; auch Orden der Vier Römischen Kaiser oder Orden vom Alten Adel gennant, ist ein historischer weltlicher Ritterorden, der heute noch als private Vereinigung besteht)</subfield>
    <subfield code="u">https://de.wikipedia.org/wiki/Alter_Orden_vom_St._Georg</subfield>
  </datafield>
  <datafield tag="670" ind1=" " ind2=" ">
    <subfield code="a">French Wikipedia, January 2, 2020:</subfield>
    <subfield code="b">(Ordre des Quatre Empereurs; Ordre Chapitral des Quatre Emereurs; Ordre d&apos;Ancienne Noblesse)</subfield>
    <subfield code="u">https://fr.wikipedia.org/wiki/Ordre_des_Quatre_Empereurs</subfield>
  </datafield>
</record>