
<record>
  <leader>01501nz  a2200229n  4500</leader>
  <controlfield tag="001">11257617</controlfield>
  <controlfield tag="003">DLC</controlfield>
  <controlfield tag="005">20200103073015.0</controlfield>
  <controlfield tag="008">200102n| azannaabn          |a aaa     c</controlfield>
  <datafield tag="010" ind1=" " ind2=" ">
    <subfield code="a">no2020000164</subfield>
  </datafield>
  <datafield tag="035" ind1=" " ind2=" ">
    <subfield code="a">(OCoLC)oca12667705</subfield>
  </datafield>
  <datafield tag="040" ind1=" " ind2=" ">
    <subfield code="a">OrCS</subfield>
    <subfield code="b">eng</subfield>
    <subfield code="e">rda</subfield>
    <subfield code="c">OrCS</subfield>
  </datafield>
  <datafield tag="046" ind1=" " ind2=" ">
    <subfield code="f">1863-06-04</subfield>
    <subfield code="g">1945-09-24</subfield>
    <subfield code="2">edtf</subfield>
  </datafield>
  <datafield tag="100" ind1="1" ind2=" ">
    <subfield code="a">Anderson, Frank M.</subfield>
    <subfield code="q">(Frank Marion),</subfield>
    <subfield code="d">1863-1945</subfield>
  </datafield>
  <datafield tag="370" ind1=" " ind2=" ">
    <subfield code="a">Phoenix (Or.)</subfield>
    <subfield code="b">Berkeley (Calif.)</subfield>
    <subfield code="2">naf</subfield>
  </datafield>
  <datafield tag="373" ind1=" " ind2=" ">
    <subfield code="a">California Academy of Sciences</subfield>
    <subfield code="2">naf</subfield>
    <subfield code="s">1889</subfield>
    <subfield code="t">1945</subfield>
  </datafield>
  <datafield tag="374" ind1=" " ind2=" ">
    <subfield code="a">Geologists</subfield>
    <subfield code="2">lcsh</subfield>
  </datafield>
  <datafield tag="400" ind1="1" ind2=" ">
    <subfield code="a">Anderson, F. M.</subfield>
    <subfield code="q">(Frank Marion),</subfield>
    <subfield code="d">1863-1945</subfield>
  </datafield>
  <datafield tag="670" ind1=" " ind2=" ">
    <subfield code="a">Fauna and stratigraphic relations of the Tejon Eocene at the type locality in Kerns County, California, 1925:</subfield>
    <subfield code="b">title page (Frank M. Anderson)</subfield>
  </datafield>
  <datafield tag="670" ind1=" " ind2=" ">
    <subfield code="a">FindAGrave.com, December 17, 2019</subfield>
    <subfield code="b">(Frank Marion Anderson; born June 4, 1863 in Phoenix, Oregon; died September 24, 1945 in Berkeley, California; outstanding geologist of the Pacific Coast; organizer of the California Academy of Sciences)</subfield>
  </datafield>
  <datafield tag="670" ind1=" " ind2=" ">
    <subfield code="a">Online Archive of California website, December 17, 2019</subfield>
    <subfield code="b">(Frank Marion Anderson; elected resident member of California Academy of Sciences in 1889, life member in 1901)</subfield>
  </datafield>
  <datafield tag="670" ind1=" " ind2=" ">
    <subfield code="a">OCLC, December 17, 2019:</subfield>
    <subfield code="b">(access point: Anderson, Frank M.; Anderson, Frank Marion; Anderson, Frank Marion, 1863-1945; Anderson, F. M.; Anderson, Frank M. (Frank Marion), 1863-1945; Anderson, F. M. (Frank Marion), 1863-1945; Anderson, Frank M., 1863-1945 ; usage: Frank M. Anderson; Frank Marion Anderson; F.M. Anderson)</subfield>
  </datafield>
</record>