
<record>
  <leader>00724nz  a2200181n  4500</leader>
  <controlfield tag="001">11257618</controlfield>
  <controlfield tag="003">DLC</controlfield>
  <controlfield tag="005">20200103073015.0</controlfield>
  <controlfield tag="008">200102n| azannaabn          |n aaa     c</controlfield>
  <datafield tag="010" ind1=" " ind2=" ">
    <subfield code="a">no2020000165</subfield>
  </datafield>
  <datafield tag="035" ind1=" " ind2=" ">
    <subfield code="a">(OCoLC)oca12667706</subfield>
  </datafield>
  <datafield tag="040" ind1=" " ind2=" ">
    <subfield code="a">CtW</subfield>
    <subfield code="b">eng</subfield>
    <subfield code="e">rda</subfield>
    <subfield code="c">CtW</subfield>
  </datafield>
  <datafield tag="046" ind1=" " ind2=" ">
    <subfield code="f">1891-11-29</subfield>
    <subfield code="g">1962-01-26</subfield>
    <subfield code="2">edtf</subfield>
  </datafield>
  <datafield tag="100" ind1="1" ind2=" ">
    <subfield code="a">Miller, Lynn Smith,</subfield>
    <subfield code="d">1891-1962</subfield>
  </datafield>
  <datafield tag="370" ind1=" " ind2=" ">
    <subfield code="a">Oneonta (N.Y.)</subfield>
    <subfield code="b">Royal Oak (Mich.)</subfield>
    <subfield code="2">lcsh</subfield>
  </datafield>
  <datafield tag="373" ind1=" " ind2=" ">
    <subfield code="a">Wesleyan University (Middletown, Conn.)</subfield>
    <subfield code="t">1914</subfield>
  </datafield>
  <datafield tag="374" ind1=" " ind2=" ">
    <subfield code="a">Journalists</subfield>
    <subfield code="2">lcsh</subfield>
  </datafield>
  <datafield tag="670" ind1=" " ind2=" ">
    <subfield code="a">Lynn Smith Miller papers, 1910-1931:</subfield>
    <subfield code="b">(Lynn Smith Miller; b. Nov. 29, 1891, Oneonta, NY; d. Jan. 26, 1962, Royal Oak, MI; graduated from Wesleyan University, 1914; edited and managed newspapers in Indiana and Michigan).</subfield>
  </datafield>
</record>