
<record>
  <leader>00684nz  a2200169n  4500</leader>
  <controlfield tag="001">11257624</controlfield>
  <controlfield tag="003">DLC</controlfield>
  <controlfield tag="005">20200103073016.0</controlfield>
  <controlfield tag="008">200102n| azannaabn          |a aaa     c</controlfield>
  <datafield tag="010" ind1=" " ind2=" ">
    <subfield code="a">no2020000171</subfield>
  </datafield>
  <datafield tag="035" ind1=" " ind2=" ">
    <subfield code="a">(OCoLC)oca12667712</subfield>
  </datafield>
  <datafield tag="040" ind1=" " ind2=" ">
    <subfield code="a">MnSST</subfield>
    <subfield code="b">eng</subfield>
    <subfield code="e">rda</subfield>
    <subfield code="c">MnSST</subfield>
  </datafield>
  <datafield tag="046" ind1=" " ind2=" ">
    <subfield code="s">1989</subfield>
    <subfield code="2">edtf</subfield>
  </datafield>
  <datafield tag="100" ind1="0" ind2=" ">
    <subfield code="a">Pakyî</subfield>
  </datafield>
  <datafield tag="370" ind1=" " ind2=" ">
    <subfield code="c">Brazil</subfield>
    <subfield code="e">Mato Grosso (Brazil : State)</subfield>
    <subfield code="2">naf</subfield>
  </datafield>
  <datafield tag="400" ind1="0" ind2=" ">
    <subfield code="a">Pakuî</subfield>
  </datafield>
  <datafield tag="670" ind1=" " ind2=" ">
    <subfield code="a">Piripkura, 2018:</subfield>
    <subfield code="b">title card (FUNAI expedition in 1989 found Pakyî and Tamandua, last two survivors of the Piripkura people, in a small stretch of forest) end credits (Pakuî; Pakyî) container (Piripkura people are a nomadic tribe in the Mato Grasso [Mato Grosso] region of Brazil)</subfield>
  </datafield>
</record>