
<record>
  <leader>00528nz  a2200193n  4500</leader>
  <controlfield tag="001">11257628</controlfield>
  <controlfield tag="003">DLC</controlfield>
  <controlfield tag="005">20200103073016.0</controlfield>
  <controlfield tag="008">200102n| azaabaaan          |n ana     c</controlfield>
  <datafield tag="010" ind1=" " ind2=" ">
    <subfield code="a">no2020000175</subfield>
  </datafield>
  <datafield tag="035" ind1=" " ind2=" ">
    <subfield code="a">(OCoLC)oca12667716</subfield>
  </datafield>
  <datafield tag="040" ind1=" " ind2=" ">
    <subfield code="a">NcU</subfield>
    <subfield code="b">eng</subfield>
    <subfield code="e">rda</subfield>
    <subfield code="c">NcU</subfield>
  </datafield>
  <datafield tag="130" ind1=" " ind2="0">
    <subfield code="a">Colección Stigma</subfield>
  </datafield>
  <datafield tag="380" ind1=" " ind2=" ">
    <subfield code="a">Monographic series</subfield>
    <subfield code="2">lcsh</subfield>
  </datafield>
  <datafield tag="643" ind1=" " ind2=" ">
    <subfield code="a">Buenos Aires</subfield>
    <subfield code="b">Sudamericana</subfield>
  </datafield>
  <datafield tag="644" ind1=" " ind2=" ">
    <subfield code="a">f</subfield>
    <subfield code="5">NcU</subfield>
  </datafield>
  <datafield tag="645" ind1=" " ind2=" ">
    <subfield code="a">t</subfield>
    <subfield code="5">DPCC</subfield>
    <subfield code="5">NcU</subfield>
  </datafield>
  <datafield tag="646" ind1=" " ind2=" ">
    <subfield code="a">s</subfield>
    <subfield code="5">NcU</subfield>
  </datafield>
  <datafield tag="670" ind1=" " ind2=" ">
    <subfield code="a">Canaletti, Ricardo. &quot;Yiya&quot; Murano, 2017:</subfield>
    <subfield code="b">title page (Colección Stigma)</subfield>
  </datafield>
</record>