
<record>
  <leader>01081nz  a2200193n  4500</leader>
  <controlfield tag="001">11257629</controlfield>
  <controlfield tag="003">DLC</controlfield>
  <controlfield tag="005">20200103073016.0</controlfield>
  <controlfield tag="008">200102n| azannaabn          |a ana     c</controlfield>
  <datafield tag="010" ind1=" " ind2=" ">
    <subfield code="a">no2020000176</subfield>
  </datafield>
  <datafield tag="035" ind1=" " ind2=" ">
    <subfield code="a">(OCoLC)oca12667717</subfield>
  </datafield>
  <datafield tag="040" ind1=" " ind2=" ">
    <subfield code="a">DGPO</subfield>
    <subfield code="b">eng</subfield>
    <subfield code="e">rda</subfield>
    <subfield code="c">DGPO</subfield>
  </datafield>
  <datafield tag="046" ind1=" " ind2=" ">
    <subfield code="k">2019-12-19</subfield>
    <subfield code="2">edtf</subfield>
  </datafield>
  <datafield tag="110" ind1="1" ind2=" ">
    <subfield code="a">United States.</subfield>
    <subfield code="t">Fostering Undergraduate Talent by Unlocking Resources for Education Act</subfield>
  </datafield>
  <datafield tag="380" ind1=" " ind2=" ">
    <subfield code="a">Statutes and codes</subfield>
    <subfield code="2">lcgft</subfield>
  </datafield>
  <datafield tag="410" ind1="1" ind2=" ">
    <subfield code="a">United States.</subfield>
    <subfield code="t">Act to Reauthorize Mandatory Funding Programs for Historically Black Colleges and Universities and Other Minority-Serving Institutions, and for Other Purposes</subfield>
  </datafield>
  <datafield tag="410" ind1="1" ind2=" ">
    <subfield code="a">United States.</subfield>
    <subfield code="t">FUTURE Act</subfield>
  </datafield>
  <datafield tag="410" ind1="1" ind2=" ">
    <subfield code="a">United States.</subfield>
    <subfield code="t">Public Law 116-91</subfield>
  </datafield>
  <datafield tag="670" ind1=" " ind2=" ">
    <subfield code="a">An Act to Reauthorize Mandatory Funding Programs for Historically Black Colleges and Universities and Other Minority-Serving Institutions, and for Other Purposes, 2019, Public Law 116-91:</subfield>
    <subfield code="b">citation title, 133 Stat. 1189 (Fostering Undergraduate Talent by Unlocking Resources for Education Act or the FUTURE Act) 133 Stat. 1197 (Approved December 19, 2019)</subfield>
  </datafield>
</record>