
<record>
  <leader>00504nz  a2200145n  4500</leader>
  <controlfield tag="001">11257631</controlfield>
  <controlfield tag="003">DLC</controlfield>
  <controlfield tag="005">20200103073016.0</controlfield>
  <controlfield tag="008">200102n| azannaabn          |a aaa     c</controlfield>
  <datafield tag="010" ind1=" " ind2=" ">
    <subfield code="a">no2020000178</subfield>
  </datafield>
  <datafield tag="035" ind1=" " ind2=" ">
    <subfield code="a">(OCoLC)oca12667719</subfield>
  </datafield>
  <datafield tag="040" ind1=" " ind2=" ">
    <subfield code="a">ICU</subfield>
    <subfield code="b">eng</subfield>
    <subfield code="e">rda</subfield>
    <subfield code="c">ICU</subfield>
  </datafield>
  <datafield tag="100" ind1="1" ind2=" ">
    <subfield code="a">Hemingway, Ernest,</subfield>
    <subfield code="d">1899-1961.</subfield>
    <subfield code="t">Short stories.</subfield>
    <subfield code="k">Selections.</subfield>
    <subfield code="l">Polish</subfield>
  </datafield>
  <datafield tag="400" ind1="1" ind2=" ">
    <subfield code="a">Hemingway, Ernest,</subfield>
    <subfield code="d">1899-1961.</subfield>
    <subfield code="t">Śniegi Kilimandżaro i inne opowiadania</subfield>
  </datafield>
  <datafield tag="670" ind1=" " ind2=" ">
    <subfield code="a">Hemingway, Ernest. Śniegi Kilimandżaro i inne opowiadania, 1956.</subfield>
  </datafield>
</record>