
<record>
  <leader>00942nz  a2200217n  4500</leader>
  <controlfield tag="001">11257632</controlfield>
  <controlfield tag="003">DLC</controlfield>
  <controlfield tag="005">20200103073016.0</controlfield>
  <controlfield tag="008">200102n| azannaabn          |a ana     c</controlfield>
  <datafield tag="010" ind1=" " ind2=" ">
    <subfield code="a">no2020000179</subfield>
  </datafield>
  <datafield tag="035" ind1=" " ind2=" ">
    <subfield code="a">(OCoLC)oca12667720</subfield>
  </datafield>
  <datafield tag="040" ind1=" " ind2=" ">
    <subfield code="a">CU-S</subfield>
    <subfield code="b">eng</subfield>
    <subfield code="e">rda</subfield>
    <subfield code="c">CU-S</subfield>
  </datafield>
  <datafield tag="046" ind1=" " ind2=" ">
    <subfield code="s">2018-09-03</subfield>
    <subfield code="t">2018-09-05</subfield>
    <subfield code="2">edtf</subfield>
  </datafield>
  <datafield tag="111" ind1="2" ind2=" ">
    <subfield code="a">IEEE International Conference on Intelligent Transportation Engineering</subfield>
    <subfield code="n">(3rd :</subfield>
    <subfield code="d">2018 :</subfield>
    <subfield code="c">Singapore)</subfield>
  </datafield>
  <datafield tag="368" ind1=" " ind2=" ">
    <subfield code="a">Congresses and conventions</subfield>
    <subfield code="2">lcsh</subfield>
  </datafield>
  <datafield tag="370" ind1=" " ind2=" ">
    <subfield code="e">Singapore</subfield>
    <subfield code="2">naf</subfield>
  </datafield>
  <datafield tag="372" ind1=" " ind2=" ">
    <subfield code="a">Transportation engineering</subfield>
    <subfield code="a">Intelligent transportation systems</subfield>
    <subfield code="2">lcsh</subfield>
  </datafield>
  <datafield tag="377" ind1=" " ind2=" ">
    <subfield code="a">eng</subfield>
  </datafield>
  <datafield tag="411" ind1="2" ind2=" ">
    <subfield code="a">ICITE (Conference)</subfield>
    <subfield code="n">(3rd :</subfield>
    <subfield code="d">2018 :</subfield>
    <subfield code="c">Singapore)</subfield>
  </datafield>
  <datafield tag="411" ind1="2" ind2=" ">
    <subfield code="a">International Conference on Intelligent Transportation Engineering</subfield>
    <subfield code="n">(3rd :</subfield>
    <subfield code="d">2018 :</subfield>
    <subfield code="c">Singapore)</subfield>
  </datafield>
  <datafield tag="670" ind1=" " ind2=" ">
    <subfield code="a">ICITE 2018, 2018:</subfield>
    <subfield code="b">title page (ICITE 2018 : 2018 3rd IEEE International Conference on Intelligent Transportation Engineering : September 3-5, 2018 , Singapore)</subfield>
  </datafield>
</record>