
<record>
  <leader>00936nz  a2200205n  4500</leader>
  <controlfield tag="001">11257642</controlfield>
  <controlfield tag="003">DLC</controlfield>
  <controlfield tag="005">20200103073016.0</controlfield>
  <controlfield tag="008">200102n| azannaabn          |n aaa     c</controlfield>
  <datafield tag="010" ind1=" " ind2=" ">
    <subfield code="a">no2020000193</subfield>
  </datafield>
  <datafield tag="035" ind1=" " ind2=" ">
    <subfield code="a">(OCoLC)oca12668174</subfield>
  </datafield>
  <datafield tag="040" ind1=" " ind2=" ">
    <subfield code="a">WaBeWWUM</subfield>
    <subfield code="b">eng</subfield>
    <subfield code="e">rda</subfield>
    <subfield code="c">WaBeWWUM</subfield>
  </datafield>
  <datafield tag="046" ind1=" " ind2=" ">
    <subfield code="f">1892-07-23</subfield>
    <subfield code="g">1965-04-22</subfield>
    <subfield code="2">edtf</subfield>
  </datafield>
  <datafield tag="100" ind1="1" ind2=" ">
    <subfield code="a">Tavares, Napoleão,</subfield>
    <subfield code="d">1892-1965</subfield>
  </datafield>
  <datafield tag="370" ind1=" " ind2=" ">
    <subfield code="a">Ubá (Brazil)</subfield>
    <subfield code="b">Rio de Janeiro (Brazil)</subfield>
    <subfield code="2">naf</subfield>
  </datafield>
  <datafield tag="373" ind1=" " ind2=" ">
    <subfield code="a">Soldados Musicais</subfield>
    <subfield code="2">naf</subfield>
  </datafield>
  <datafield tag="374" ind1=" " ind2=" ">
    <subfield code="a">Trumpeters</subfield>
    <subfield code="a">Composers</subfield>
    <subfield code="a">Conductors (Music)</subfield>
    <subfield code="2">lcdgt</subfield>
  </datafield>
  <datafield tag="374" ind1=" " ind2=" ">
    <subfield code="a">Arrangers (Musicians)</subfield>
    <subfield code="2">lcsh</subfield>
  </datafield>
  <datafield tag="670" ind1=" " ind2=" ">
    <subfield code="a">Alberto Ribeiro, João de Barro, 1970:</subfield>
    <subfield code="b">disc label (Napoleão Tavares e s/Soldados Musicais)</subfield>
  </datafield>
  <datafield tag="670" ind1=" " ind2=" ">
    <subfield code="a">Dicionário Cravo Albin da música popular brasileira, December 31, 2019</subfield>
    <subfield code="b">(Napoleão Tavares; born July 23, 1892, Ubá, MG; died April 22, 1965, Rio de Janeiro; conductor, trumpeter, composer, arranger)</subfield>
    <subfield code="u">http://dicionariompb.com.br/napoleao-tavares</subfield>
  </datafield>
</record>