
<record>
  <leader>00521nz  a2200145n  4500</leader>
  <controlfield tag="001">11257643</controlfield>
  <controlfield tag="003">DLC</controlfield>
  <controlfield tag="005">20200103073016.0</controlfield>
  <controlfield tag="008">200102n| azannaabn          |a ana     c</controlfield>
  <datafield tag="010" ind1=" " ind2=" ">
    <subfield code="a">no2020000194</subfield>
  </datafield>
  <datafield tag="035" ind1=" " ind2=" ">
    <subfield code="a">(OCoLC)oca12668175</subfield>
  </datafield>
  <datafield tag="040" ind1=" " ind2=" ">
    <subfield code="a">DLC-S</subfield>
    <subfield code="b">eng</subfield>
    <subfield code="c">DLC-S</subfield>
    <subfield code="e">rda</subfield>
  </datafield>
  <datafield tag="110" ind1="2" ind2=" ">
    <subfield code="a">Univerza v Ljubljani.</subfield>
    <subfield code="b">Oddelek za slavistiko</subfield>
  </datafield>
  <datafield tag="410" ind1="2" ind2=" ">
    <subfield code="a">Univerza v Ljubljani.</subfield>
    <subfield code="b">Filozofska fakulteta.</subfield>
    <subfield code="b">Oddelek za slavistiko</subfield>
  </datafield>
  <datafield tag="670" ind1=" " ind2=" ">
    <subfield code="a">Slavica tergestina, volume 17 (2016):</subfield>
    <subfield code="b">p. 5 (Univerza v Ljubljani, Filozofska fakulteta, Oddelek za slavistiko)</subfield>
  </datafield>
</record>