
<record>
  <leader>01632nz  a2200265n  4500</leader>
  <controlfield tag="001">11257644</controlfield>
  <controlfield tag="003">DLC</controlfield>
  <controlfield tag="005">20200103073016.0</controlfield>
  <controlfield tag="008">200102n| azannaabn          |a aaa     c</controlfield>
  <datafield tag="010" ind1=" " ind2=" ">
    <subfield code="a">no2020000195</subfield>
  </datafield>
  <datafield tag="035" ind1=" " ind2=" ">
    <subfield code="a">(OCoLC)oca12668176</subfield>
  </datafield>
  <datafield tag="040" ind1=" " ind2=" ">
    <subfield code="a">MnU</subfield>
    <subfield code="b">eng</subfield>
    <subfield code="e">rda</subfield>
    <subfield code="c">MnU</subfield>
  </datafield>
  <datafield tag="046" ind1=" " ind2=" ">
    <subfield code="f">1886-07-16</subfield>
    <subfield code="2">edtf</subfield>
  </datafield>
  <datafield tag="100" ind1="1" ind2=" ">
    <subfield code="a">Long, M.,</subfield>
    <subfield code="c">Miss,</subfield>
    <subfield code="d">1886-</subfield>
  </datafield>
  <datafield tag="370" ind1=" " ind2=" ">
    <subfield code="a">Arklow (Ireland)</subfield>
    <subfield code="c">Ireland</subfield>
    <subfield code="c">Great Britain</subfield>
    <subfield code="e">Belfast (Northern Ireland)</subfield>
    <subfield code="e">Cambridge (England)</subfield>
    <subfield code="2">naf</subfield>
  </datafield>
  <datafield tag="372" ind1=" " ind2=" ">
    <subfield code="a">Mathematics</subfield>
    <subfield code="a">Translating and interpreting</subfield>
    <subfield code="2">lcsh</subfield>
  </datafield>
  <datafield tag="374" ind1=" " ind2=" ">
    <subfield code="a">Mathematicians</subfield>
    <subfield code="a">Translators</subfield>
    <subfield code="2">lcsh</subfield>
  </datafield>
  <datafield tag="374" ind1=" " ind2=" ">
    <subfield code="a">University and college faculty members</subfield>
    <subfield code="2">lcdgt</subfield>
  </datafield>
  <datafield tag="375" ind1=" " ind2=" ">
    <subfield code="a">Females</subfield>
    <subfield code="2">lcdgt</subfield>
  </datafield>
  <datafield tag="377" ind1=" " ind2=" ">
    <subfield code="a">eng</subfield>
  </datafield>
  <datafield tag="378" ind1=" " ind2=" ">
    <subfield code="q">Marjorie J.</subfield>
  </datafield>
  <datafield tag="400" ind1="1" ind2=" ">
    <subfield code="a">Long, Marjorie J.,</subfield>
    <subfield code="d">1886-</subfield>
  </datafield>
  <datafield tag="670" ind1=" " ind2=" ">
    <subfield code="a">Levi-Civita, Tullio. The absolute differential calculus, 1926:</subfield>
    <subfield code="b">title page (Authorized translation by Miss M. Long, late scholar of Girton College, Cambridge) page vi (the translator, Miss Marjorie Long, formerly Scholar of Girton College; double competence, scientific and linguistic)</subfield>
  </datafield>
  <datafield tag="670" ind1=" " ind2=" ">
    <subfield code="a">The atlas of Irish mathematics: Wicklow, August 2018 blog entry on Mathematics Ireland web site, viewed January 2, 2020:</subfield>
    <subfield code="b">(Marjorie J. Long, 1886-1930s?, born July 16 in Arklow, Wicklow; attended Victoria College, Belfast, and Girton College; taught at Bedford College for at lest a decade; translator of Lezioni di calcolo differenziale assoluto; worked in the library of the International Labour Office in Geneva in the 1930s)</subfield>
    <subfield code="u">http://www.mathsireland.ie/blog/2018_08_cm</subfield>
  </datafield>
  <datafield tag="670" ind1=" " ind2=" ">
    <subfield code="a">OCLC, January 2, 2020</subfield>
    <subfield code="b">(access point: Long, M.; Long, Marjorie; usage: Miss M. Long; Marjorie Long)</subfield>
  </datafield>
</record>