
<record>
  <leader>02352nz  a2200337n  4500</leader>
  <controlfield tag="001">11257646</controlfield>
  <controlfield tag="003">DLC</controlfield>
  <controlfield tag="005">20200103073017.0</controlfield>
  <controlfield tag="008">200102n| azannaabn          |n aaa     c</controlfield>
  <datafield tag="010" ind1=" " ind2=" ">
    <subfield code="a">no2020000197</subfield>
  </datafield>
  <datafield tag="035" ind1=" " ind2=" ">
    <subfield code="a">(OCoLC)oca12668178</subfield>
  </datafield>
  <datafield tag="040" ind1=" " ind2=" ">
    <subfield code="a">UPB</subfield>
    <subfield code="b">eng</subfield>
    <subfield code="e">rda</subfield>
    <subfield code="c">UPB</subfield>
  </datafield>
  <datafield tag="046" ind1=" " ind2=" ">
    <subfield code="f">1946</subfield>
    <subfield code="2">edtf</subfield>
  </datafield>
  <datafield tag="100" ind1="1" ind2=" ">
    <subfield code="a">Baughman, Gary S..</subfield>
    <subfield code="d">1946-</subfield>
  </datafield>
  <datafield tag="370" ind1=" " ind2=" ">
    <subfield code="f">Salt Lake City</subfield>
    <subfield code="f">New York (N.Y.)</subfield>
    <subfield code="f">Chicago (Ill.)</subfield>
    <subfield code="f">Southlake (Tex.)</subfield>
    <subfield code="2">naf</subfield>
  </datafield>
  <datafield tag="372" ind1=" " ind2=" ">
    <subfield code="a">Business</subfield>
    <subfield code="a">Toys</subfield>
    <subfield code="2">lcsh</subfield>
  </datafield>
  <datafield tag="373" ind1=" " ind2=" ">
    <subfield code="a">Marriot School of Management</subfield>
    <subfield code="2">naf</subfield>
  </datafield>
  <datafield tag="373" ind1=" " ind2=" ">
    <subfield code="a">Fisher-Price (Firm)</subfield>
    <subfield code="2">naf</subfield>
  </datafield>
  <datafield tag="373" ind1=" " ind2=" ">
    <subfield code="a">Tyco Toys, Inc.</subfield>
  </datafield>
  <datafield tag="373" ind1=" " ind2=" ">
    <subfield code="a">Little Tikes Company</subfield>
    <subfield code="2">naf</subfield>
  </datafield>
  <datafield tag="373" ind1=" " ind2=" ">
    <subfield code="a">Evenflo Juvenile Products Co.</subfield>
    <subfield code="2">naf</subfield>
  </datafield>
  <datafield tag="373" ind1=" " ind2=" ">
    <subfield code="a">Stiffel Lamps</subfield>
  </datafield>
  <datafield tag="373" ind1=" " ind2=" ">
    <subfield code="a">Toy Manufacturers of America</subfield>
    <subfield code="2">naf</subfield>
  </datafield>
  <datafield tag="373" ind1=" " ind2=" ">
    <subfield code="a">Golub Capital Executive Council</subfield>
  </datafield>
  <datafield tag="373" ind1=" " ind2=" ">
    <subfield code="a">University of Michigan</subfield>
    <subfield code="2">naf</subfield>
  </datafield>
  <datafield tag="373" ind1=" " ind2=" ">
    <subfield code="a">Brigham Young University</subfield>
    <subfield code="2">naf</subfield>
  </datafield>
  <datafield tag="374" ind1=" " ind2=" ">
    <subfield code="a">Businessmen</subfield>
    <subfield code="2">lcsh</subfield>
  </datafield>
  <datafield tag="375" ind1=" " ind2=" ">
    <subfield code="a">Males</subfield>
    <subfield code="2">lcdgt</subfield>
  </datafield>
  <datafield tag="377" ind1=" " ind2=" ">
    <subfield code="a">eng</subfield>
  </datafield>
  <datafield tag="670" ind1=" " ind2=" ">
    <subfield code="a">Valuable lessons and turning points, 2000:</subfield>
    <subfield code="b">cover (by Gary S. Baughman) about the speaker on page 3 of cover (Gary Baughman; member of the Marriott School&apos;s National Advisory Council; retired as president and CEO of Fisher-Price, Inc. in April, 1999; Fisher-Price is based in East Aurora, New York; also president and CEO of Tyco Toys, Inc.; contributed to the success of Little Tikes, Co., a division of Rubbermaid, Inc. and Evenflow Products Co., Stiffel Lamps in Chicago; chairman of the Toy Manufacturer&apos;s Association; BA, Brigham Young University; MBA, University of Michigan)</subfield>
  </datafield>
  <datafield tag="670" ind1=" " ind2=" ">
    <subfield code="a">Mormonwiki.com, website viewed December 19, 2019</subfield>
    <subfield code="b">(Gary S. Baughman; retiered businessman; best know for his role as president of Fisher-Price toys; born in 1946; bachelor&apos;s degree in economics from Brigham Young University, 1970; MBA, University of Michigan; worked in Salt Lake City them moved to New York City and then to Chicago; president of Stiffel Lamp Company, 1981-1986; president of Evenflo Products, 1986-1989; Joined Fisher-Price in 1989; president of Little Tykes and CEO of Tyco Toys; retired from Fisher-Price in 1999 and moved to Southlake, Texas; CEO Doskocil Manufacturing in 2002; president of the Hugary Budapest Mission for The Church of Jesus Christ of Latter-day Saints; sits on the BYU National Advisory Council; member of the Golub Capital Executive Council)</subfield>
  </datafield>
</record>