
<record>
  <leader>00944nz  a2200205n  4500</leader>
  <controlfield tag="001">11257649</controlfield>
  <controlfield tag="003">DLC</controlfield>
  <controlfield tag="005">20200103073017.0</controlfield>
  <controlfield tag="008">200102n| azannaabn          |n aaa     c</controlfield>
  <datafield tag="010" ind1=" " ind2=" ">
    <subfield code="a">no2020000201</subfield>
  </datafield>
  <datafield tag="035" ind1=" " ind2=" ">
    <subfield code="a">(OCoLC)oca12668182</subfield>
  </datafield>
  <datafield tag="040" ind1=" " ind2=" ">
    <subfield code="a">NN</subfield>
    <subfield code="b">eng</subfield>
    <subfield code="e">rda</subfield>
    <subfield code="c">NN</subfield>
  </datafield>
  <datafield tag="100" ind1="1" ind2=" ">
    <subfield code="a">Hilaire, Toussaint</subfield>
    <subfield code="c">(Professor)</subfield>
  </datafield>
  <datafield tag="368" ind1=" " ind2=" ">
    <subfield code="c">Authors, Black</subfield>
    <subfield code="2">lcdgt</subfield>
  </datafield>
  <datafield tag="370" ind1=" " ind2=" ">
    <subfield code="c">Haiti</subfield>
    <subfield code="2">naf</subfield>
  </datafield>
  <datafield tag="374" ind1=" " ind2=" ">
    <subfield code="a">Educators</subfield>
    <subfield code="a">Authors</subfield>
    <subfield code="2">lcsh</subfield>
  </datafield>
  <datafield tag="375" ind1=" " ind2=" ">
    <subfield code="a">Males</subfield>
    <subfield code="2">lcdgt</subfield>
  </datafield>
  <datafield tag="377" ind1=" " ind2=" ">
    <subfield code="a">spa</subfield>
    <subfield code="a">hat</subfield>
  </datafield>
  <datafield tag="670" ind1=" " ind2=" ">
    <subfield code="a">Hablar español sin estudiar, 2018:</subfield>
    <subfield code="b">title page (Lic. Toussaint Hilaire)</subfield>
  </datafield>
  <datafield tag="670" ind1=" " ind2=" ">
    <subfield code="a">Vant Bèf Info Website, Jan. 2, 2020</subfield>
    <subfield code="b">(Port-au-Prince, April 11, 2018- the professor, writer Toussaint Hilaire carried out, on Tuesday, April 10, the signature sale of his second work entitled &quot;Hablar espanol sin estudiar&quot;, (Speaking Spanish without having to memorize))</subfield>
    <subfield code="u">https://www.vantbefinfo.com/culture-professeur-toussaint-hilaire-signe-dernier-ouvrage-lapprentissage-de-lespagnol/</subfield>
  </datafield>
</record>