
<record>
  <leader>00879nz  a2200205n  4500</leader>
  <controlfield tag="001">11257655</controlfield>
  <controlfield tag="003">DLC</controlfield>
  <controlfield tag="005">20200103073017.0</controlfield>
  <controlfield tag="008">200102n| azannaabn          |a aaa     c</controlfield>
  <datafield tag="010" ind1=" " ind2=" ">
    <subfield code="a">no2020000207</subfield>
  </datafield>
  <datafield tag="035" ind1=" " ind2=" ">
    <subfield code="a">(OCoLC)oca12668188</subfield>
  </datafield>
  <datafield tag="040" ind1=" " ind2=" ">
    <subfield code="a">ICrlF</subfield>
    <subfield code="b">eng</subfield>
    <subfield code="e">rda</subfield>
    <subfield code="c">ICrlF</subfield>
  </datafield>
  <datafield tag="046" ind1=" " ind2=" ">
    <subfield code="k">2020</subfield>
    <subfield code="2">edtf</subfield>
  </datafield>
  <datafield tag="100" ind1="1" ind2=" ">
    <subfield code="a">Domecq, Mathilde.</subfield>
    <subfield code="t">Poïpoï et Tito.</subfield>
    <subfield code="l">English</subfield>
  </datafield>
  <datafield tag="373" ind1=" " ind2=" ">
    <subfield code="a">Picture Window Books (Firm)</subfield>
    <subfield code="2">naf</subfield>
  </datafield>
  <datafield tag="377" ind1=" " ind2=" ">
    <subfield code="a">eng</subfield>
  </datafield>
  <datafield tag="400" ind1="1" ind2=" ">
    <subfield code="a">Domecq, Mathilde.</subfield>
    <subfield code="t">Poppy and Tito</subfield>
  </datafield>
  <datafield tag="400" ind1="1" ind2=" ">
    <subfield code="a">Domecq, Mathilde.</subfield>
    <subfield code="t">Poppy &amp; Tito</subfield>
  </datafield>
  <datafield tag="670" ind1=" " ind2=" ">
    <subfield code="a">Domecq, Mathilde. Poppy and Tito, 2020:</subfield>
    <subfield code="b">t.p. verso (First published in Spain in 2011 by Bang Ediciones ; First published in United States in 2020 by Picture Window Books, an imprint of Capstone ; English text copyright © 2020 by Capstone)</subfield>
  </datafield>
  <datafield tag="670" ind1=" " ind2=" ">
    <subfield code="a">OCLC viewed Jan. 2, 2020</subfield>
    <subfield code="b">(Poïpoï et Tito /  Mathilde Domecq ; Barcelona : Bang Editions, 2010)</subfield>
  </datafield>
</record>