
<record>
  <leader>00749nz  a2200205n  4500</leader>
  <controlfield tag="001">11257661</controlfield>
  <controlfield tag="003">DLC</controlfield>
  <controlfield tag="005">20200103073017.0</controlfield>
  <controlfield tag="008">200102n| azannaabn          |a aaa     c</controlfield>
  <datafield tag="010" ind1=" " ind2=" ">
    <subfield code="a">no2020000215</subfield>
  </datafield>
  <datafield tag="035" ind1=" " ind2=" ">
    <subfield code="a">(OCoLC)oca12668196</subfield>
  </datafield>
  <datafield tag="040" ind1=" " ind2=" ">
    <subfield code="a">ICrlF</subfield>
    <subfield code="b">eng</subfield>
    <subfield code="e">rda</subfield>
    <subfield code="c">ICrlF</subfield>
  </datafield>
  <datafield tag="046" ind1=" " ind2=" ">
    <subfield code="k">2010</subfield>
    <subfield code="2">edtf</subfield>
  </datafield>
  <datafield tag="100" ind1="1" ind2=" ">
    <subfield code="a">Iwamura, Kazuo,</subfield>
    <subfield code="d">1939-</subfield>
    <subfield code="t">Ringo ga hitotsu.</subfield>
    <subfield code="l">French</subfield>
  </datafield>
  <datafield tag="377" ind1=" " ind2=" ">
    <subfield code="a">fre</subfield>
  </datafield>
  <datafield tag="381" ind1=" " ind2=" ">
    <subfield code="a">Seyvos</subfield>
  </datafield>
  <datafield tag="400" ind1="1" ind2=" ">
    <subfield code="a">Iwamura, Kazuo,</subfield>
    <subfield code="d">1939-</subfield>
    <subfield code="t">Pomme rouge</subfield>
  </datafield>
  <datafield tag="400" ind1="1" ind2=" ">
    <subfield code="a">Iwamura, Kazuo,</subfield>
    <subfield code="d">1939-</subfield>
    <subfield code="t">りんごがひとつ.</subfield>
    <subfield code="l">French</subfield>
  </datafield>
  <datafield tag="670" ind1=" " ind2=" ">
    <subfield code="a">Iwamura, Kazuo. La pomme rouge, 2010 :</subfield>
    <subfield code="b">page facing title page (Translated from the Japanese by Florence Seyvos. Original title: Ringo ga hitotsu)</subfield>
  </datafield>
  <datafield tag="670" ind1=" " ind2=" ">
    <subfield code="a">OCLC, Jan. 1, 2020</subfield>
    <subfield code="b">(りんごがひとつ = Ringo ga hitotsu)</subfield>
  </datafield>
</record>