
<record>
  <leader>00712nz  a2200169n  4500</leader>
  <controlfield tag="001">11257662</controlfield>
  <controlfield tag="003">DLC</controlfield>
  <controlfield tag="005">20200103073017.0</controlfield>
  <controlfield tag="008">200102n| azannaabn          |n aaa     c</controlfield>
  <datafield tag="010" ind1=" " ind2=" ">
    <subfield code="a">no2020000216</subfield>
  </datafield>
  <datafield tag="035" ind1=" " ind2=" ">
    <subfield code="a">(OCoLC)oca12668197</subfield>
  </datafield>
  <datafield tag="040" ind1=" " ind2=" ">
    <subfield code="a">IC</subfield>
    <subfield code="b">eng</subfield>
    <subfield code="e">rda</subfield>
    <subfield code="c">IC</subfield>
  </datafield>
  <datafield tag="100" ind1="1" ind2=" ">
    <subfield code="a">Kevil, John J.,</subfield>
    <subfield code="c">Jr.</subfield>
  </datafield>
  <datafield tag="370" ind1=" " ind2=" ">
    <subfield code="f">Elmhurst (Ill.)</subfield>
    <subfield code="2">naf</subfield>
  </datafield>
  <datafield tag="372" ind1=" " ind2=" ">
    <subfield code="a">Valuation</subfield>
    <subfield code="a">Consulting firms--Ownership</subfield>
    <subfield code="2">lcsh</subfield>
  </datafield>
  <datafield tag="374" ind1=" " ind2=" ">
    <subfield code="a">Architects</subfield>
    <subfield code="a">Consultants</subfield>
    <subfield code="2">lcsh</subfield>
  </datafield>
  <datafield tag="670" ind1=" " ind2=" ">
    <subfield code="a">The last dragon of Steeple Morden, 2012:</subfield>
    <subfield code="b">title page (John J. Kevil, Jr.) page 4 of cover (architect; consultant; grew up in Elmhurst, Ill.; opened his own firm, Kevil Valuation, after practising architecture and working as consultant; lives in western suburbs of Chicago)</subfield>
  </datafield>
</record>