
<record>
  <leader>00487nz  a2200157n  4500</leader>
  <controlfield tag="001">11257667</controlfield>
  <controlfield tag="003">DLC</controlfield>
  <controlfield tag="005">20200103073017.0</controlfield>
  <controlfield tag="008">200102n| azannaabn          |n aaa     c</controlfield>
  <datafield tag="010" ind1=" " ind2=" ">
    <subfield code="a">no2020000225</subfield>
  </datafield>
  <datafield tag="035" ind1=" " ind2=" ">
    <subfield code="a">(OCoLC)oca12668206</subfield>
  </datafield>
  <datafield tag="040" ind1=" " ind2=" ">
    <subfield code="a">IAhCCS</subfield>
    <subfield code="b">eng</subfield>
    <subfield code="e">rda</subfield>
    <subfield code="c">IAhCCS</subfield>
  </datafield>
  <datafield tag="046" ind1=" " ind2=" ">
    <subfield code="f">1931</subfield>
    <subfield code="2">edtf</subfield>
  </datafield>
  <datafield tag="100" ind1="1" ind2=" ">
    <subfield code="a">Manson, Mary,</subfield>
    <subfield code="d">1931-</subfield>
  </datafield>
  <datafield tag="670" ind1=" " ind2=" ">
    <subfield code="a">Curse of the fly, 2019:</subfield>
    <subfield code="b">credits (Mary Manson; cast)</subfield>
  </datafield>
  <datafield tag="670" ind1=" " ind2=" ">
    <subfield code="a">IMDb, viewed Jan. 2, 2020</subfield>
    <subfield code="b">(Mary Manson, b. 1931)</subfield>
    <subfield code="u">https://www.imdb.com/name/nm0543937/</subfield>
  </datafield>
</record>