
<record>
  <leader>00993nz  a2200265n  4500</leader>
  <controlfield tag="001">11257669</controlfield>
  <controlfield tag="003">DLC</controlfield>
  <controlfield tag="005">20200103073017.0</controlfield>
  <controlfield tag="008">200102n| azannaabn          |b aaa     c</controlfield>
  <datafield tag="010" ind1=" " ind2=" ">
    <subfield code="a">no2020000227</subfield>
  </datafield>
  <datafield tag="035" ind1=" " ind2=" ">
    <subfield code="a">(OCoLC)oca12668208</subfield>
  </datafield>
  <datafield tag="040" ind1=" " ind2=" ">
    <subfield code="a">InU</subfield>
    <subfield code="b">eng</subfield>
    <subfield code="e">rda</subfield>
    <subfield code="c">InU</subfield>
  </datafield>
  <datafield tag="046" ind1=" " ind2=" ">
    <subfield code="k">2019</subfield>
    <subfield code="2">edtf</subfield>
  </datafield>
  <datafield tag="100" ind1="1" ind2=" ">
    <subfield code="a">Severi︠a︡nin, Igorʹ.</subfield>
    <subfield code="t">Poems.</subfield>
    <subfield code="k">Selections (2019)</subfield>
  </datafield>
  <datafield tag="336" ind1=" " ind2=" ">
    <subfield code="a">text</subfield>
    <subfield code="b">txt</subfield>
    <subfield code="2">rdacontent</subfield>
  </datafield>
  <datafield tag="377" ind1=" " ind2=" ">
    <subfield code="a">rus</subfield>
  </datafield>
  <datafield tag="380" ind1=" " ind2=" ">
    <subfield code="a">Poetry</subfield>
    <subfield code="2">lcgft</subfield>
  </datafield>
  <datafield tag="381" ind1=" " ind2=" ">
    <subfield code="a">Selections</subfield>
  </datafield>
  <datafield tag="400" ind1="1" ind2=" ">
    <subfield code="a">Северянин, Игорь.</subfield>
    <subfield code="t">Poems.</subfield>
    <subfield code="k">Selections (2019)</subfield>
  </datafield>
  <datafield tag="400" ind1="1" ind2=" ">
    <subfield code="a">Severi︠a︡nin, Igorʹ.</subfield>
    <subfield code="t">Stikhotvorenii︠a︡.</subfield>
    <subfield code="f">2019</subfield>
  </datafield>
  <datafield tag="400" ind1="1" ind2=" ">
    <subfield code="a">Severi︠a︡nin, Igorʹ.</subfield>
    <subfield code="t">Стихотворения.</subfield>
    <subfield code="f">2019</subfield>
  </datafield>
  <datafield tag="400" ind1="1" ind2=" ">
    <subfield code="a">Severi︠a︡nin, Igorʹ.</subfield>
    <subfield code="t">Stekli︠a︡nnai︠a︡ dverʹ</subfield>
  </datafield>
  <datafield tag="400" ind1="1" ind2=" ">
    <subfield code="a">Severi︠a︡nin, Igorʹ.</subfield>
    <subfield code="t">Стеклянная дверь</subfield>
  </datafield>
  <datafield tag="667" ind1=" " ind2=" ">
    <subfield code="a">Non-Latin script references not evaluated.</subfield>
  </datafield>
  <datafield tag="670" ind1=" " ind2=" ">
    <subfield code="a">Severi︠a︡nin, Igorʹ. Stikhotvorenii︠a︡ : stekli︠a︡nnai︠a︡ dverʹ, 2019.</subfield>
  </datafield>
</record>