
<record>
  <leader>01171nz  a2200205n  4500</leader>
  <controlfield tag="001">11257670</controlfield>
  <controlfield tag="003">DLC</controlfield>
  <controlfield tag="005">20200103073017.0</controlfield>
  <controlfield tag="008">200102n| azannaabn          |a ana     c</controlfield>
  <datafield tag="010" ind1=" " ind2=" ">
    <subfield code="a">no2020000228</subfield>
  </datafield>
  <datafield tag="035" ind1=" " ind2=" ">
    <subfield code="a">(OCoLC)oca12668209</subfield>
  </datafield>
  <datafield tag="040" ind1=" " ind2=" ">
    <subfield code="a">OBgU-MA</subfield>
    <subfield code="b">eng</subfield>
    <subfield code="e">rda</subfield>
    <subfield code="c">OBgU-MA</subfield>
  </datafield>
  <datafield tag="110" ind1="2" ind2=" ">
    <subfield code="a">Sweethearts (Musical group : Ann Jones)</subfield>
  </datafield>
  <datafield tag="368" ind1=" " ind2=" ">
    <subfield code="a">Musical groups</subfield>
    <subfield code="2">lcsh</subfield>
  </datafield>
  <datafield tag="372" ind1=" " ind2=" ">
    <subfield code="a">Country music</subfield>
    <subfield code="a">Western swing (Music)</subfield>
    <subfield code="2">lcsh</subfield>
  </datafield>
  <datafield tag="410" ind1="2" ind2=" ">
    <subfield code="a">Western Sweethearts (Musical group)</subfield>
  </datafield>
  <datafield tag="500" ind1="1" ind2=" ">
    <subfield code="w">r</subfield>
    <subfield code="i">Member:</subfield>
    <subfield code="a">Jones, Ann,</subfield>
    <subfield code="d">approximately 1920-1986</subfield>
  </datafield>
  <datafield tag="667" ind1=" " ind2=" ">
    <subfield code="a">Do not confuse with other musical group: Sweethearts.</subfield>
  </datafield>
  <datafield tag="670" ind1=" " ind2=" ">
    <subfield code="a">Jones, A. Both ends of the candle, 1978:</subfield>
    <subfield code="b">label (Sweethearts) container (members: Ann Jones, vocals ; Cyndi Graves, guitar, bass, piano, mandolin, banjo, fiddle, harmonica, melodica, drums, and vocals ; Blanche Emerson, steel guitar ; Addie-Frances Jones, drums and vocals; Western swing group)</subfield>
  </datafield>
  <datafield tag="670" ind1=" " ind2=" ">
    <subfield code="a">Encyclopedia of country music, 2nd ed., 2012</subfield>
    <subfield code="b">p. 251 (&quot;In about 1955 [Ann Jones] formed the Western Sweethearts in the Pacific Northwest. Billed as &apos;the queens of Western swing,&apos; the group toured internationally and remained together for twenty years&quot;)</subfield>
  </datafield>
</record>