
<record>
  <leader>01794nz  a2200241n  4500</leader>
  <controlfield tag="001">11257676</controlfield>
  <controlfield tag="003">DLC</controlfield>
  <controlfield tag="005">20200103073018.0</controlfield>
  <controlfield tag="008">200102n| azannaabn          |a ana     c</controlfield>
  <datafield tag="010" ind1=" " ind2=" ">
    <subfield code="a">no2020000234</subfield>
  </datafield>
  <datafield tag="035" ind1=" " ind2=" ">
    <subfield code="a">(OCoLC)oca12668215</subfield>
  </datafield>
  <datafield tag="040" ind1=" " ind2=" ">
    <subfield code="a">UPB</subfield>
    <subfield code="b">eng</subfield>
    <subfield code="e">rda</subfield>
    <subfield code="c">UPB</subfield>
  </datafield>
  <datafield tag="046" ind1=" " ind2=" ">
    <subfield code="k">1980</subfield>
    <subfield code="2">edtf</subfield>
  </datafield>
  <datafield tag="130" ind1=" " ind2="0">
    <subfield code="a">Space opera (Fanzine).</subfield>
    <subfield code="n">No 2</subfield>
  </datafield>
  <datafield tag="380" ind1=" " ind2=" ">
    <subfield code="a">Short stories</subfield>
    <subfield code="a">Science fiction</subfield>
    <subfield code="2">lcgft</subfield>
  </datafield>
  <datafield tag="380" ind1=" " ind2=" ">
    <subfield code="a">Speculative fiction</subfield>
    <subfield code="a">Anthologies</subfield>
    <subfield code="2">lcsh</subfield>
  </datafield>
  <datafield tag="500" ind1="1" ind2=" ">
    <subfield code="w">r</subfield>
    <subfield code="i">Container of (work):</subfield>
    <subfield code="a">Sáiz Cidoncha, Carlos,</subfield>
    <subfield code="d">1939-2018.</subfield>
    <subfield code="t">Cetro de esmeraldas</subfield>
  </datafield>
  <datafield tag="500" ind1="1" ind2=" ">
    <subfield code="w">r</subfield>
    <subfield code="i">Container of (work):</subfield>
    <subfield code="a">Aroz, Xabier.</subfield>
    <subfield code="t">Mujer y un simio</subfield>
  </datafield>
  <datafield tag="500" ind1="1" ind2=" ">
    <subfield code="w">r</subfield>
    <subfield code="i">Container of (work):</subfield>
    <subfield code="a">Gascón, Juan.</subfield>
    <subfield code="t">Recordando</subfield>
  </datafield>
  <datafield tag="500" ind1="1" ind2=" ">
    <subfield code="w">r</subfield>
    <subfield code="i">Container of (expression):</subfield>
    <subfield code="a">Clarke, Arthur C.</subfield>
    <subfield code="q">(Arthur Charles),</subfield>
    <subfield code="d">1917-2008.</subfield>
    <subfield code="t">Lost worlds of 2001.</subfield>
    <subfield code="n">Chapter 3-7.</subfield>
    <subfield code="l">Spanish</subfield>
  </datafield>
  <datafield tag="500" ind1="1" ind2=" ">
    <subfield code="w">r</subfield>
    <subfield code="i">Container of (expression):</subfield>
    <subfield code="a">Hodgson, William Hope,</subfield>
    <subfield code="d">1877-1918.</subfield>
    <subfield code="t">Tropical horror.</subfield>
    <subfield code="l">Spanish</subfield>
    <subfield code="s">(Martínez)</subfield>
  </datafield>
  <datafield tag="500" ind1="1" ind2=" ">
    <subfield code="w">r</subfield>
    <subfield code="i">Container of (expression):</subfield>
    <subfield code="a">Herbert, Frank.</subfield>
    <subfield code="t">Seed stock.</subfield>
    <subfield code="l">Spanish</subfield>
  </datafield>
  <datafield tag="670" ind1=" " ind2=" ">
    <subfield code="a">Space opera (Fanzine). No 2. Space opera, 1980:</subfield>
    <subfield code="b">contents (El cetro de esmeraldas / Carlos Saiz Cidoncha -- Una mujer y un simio / Xabier y Juan José Aroz -- Recordando / Juan Gascón -- Primer contacto / Fdo. P. Fuenteamor -- Documentos SF / cartografía de los Mundos Fantásticos -- Sequencias SF / selección de Fidel Urcelay -- Entrevista / Carlos S. Cidoncha -- Fanzines -- Los mundos perdidos de 2.001 (capit́tulos 3, 4, 5, 6 y 7) = The lost worlds of 2.001 / Arthur C. Clarke ; traducción de: Miguel A. Martínez -- Horror tropical = A tropical horror / William H. Hodgson ; traducción de: Miguel A. Martínez -- Deposito de semillas = The seed stock / Frank Herbert ; traducción de: Miguel A. Martínez -- Portofolio / Antonio J. Morata)</subfield>
  </datafield>
</record>