
<record>
  <leader>00478nz  a2200169n  4500</leader>
  <controlfield tag="001">11257678</controlfield>
  <controlfield tag="003">DLC</controlfield>
  <controlfield tag="005">20200103073018.0</controlfield>
  <controlfield tag="008">200102n| azannaabn          |a aaa     c</controlfield>
  <datafield tag="010" ind1=" " ind2=" ">
    <subfield code="a">no2020000236</subfield>
  </datafield>
  <datafield tag="035" ind1=" " ind2=" ">
    <subfield code="a">(OCoLC)oca12668217</subfield>
  </datafield>
  <datafield tag="040" ind1=" " ind2=" ">
    <subfield code="a">CLU</subfield>
    <subfield code="b">eng</subfield>
    <subfield code="e">rda</subfield>
    <subfield code="c">CLU</subfield>
  </datafield>
  <datafield tag="100" ind1="1" ind2=" ">
    <subfield code="a">Ēōk&apos;siwzean, Karapet</subfield>
  </datafield>
  <datafield tag="375" ind1=" " ind2=" ">
    <subfield code="a">males</subfield>
    <subfield code="2">lcdgt</subfield>
  </datafield>
  <datafield tag="377" ind1=" " ind2=" ">
    <subfield code="a">arm</subfield>
  </datafield>
  <datafield tag="400" ind1="1" ind2=" ">
    <subfield code="a">Eksoozian, Garabed</subfield>
  </datafield>
  <datafield tag="670" ind1=" " ind2=" ">
    <subfield code="a">The drollery of life, 1947:</subfield>
    <subfield code="b">title page &amp; etc  (Karapet Ēōk&apos;siwzean ; Garabed Eksoozian)</subfield>
  </datafield>
</record>