
<record>
  <leader>01076nz  a2200229n  4500</leader>
  <controlfield tag="001">11257679</controlfield>
  <controlfield tag="003">DLC</controlfield>
  <controlfield tag="005">20200103073018.0</controlfield>
  <controlfield tag="008">200102n| azannaabn          |a aaa     c</controlfield>
  <datafield tag="010" ind1=" " ind2=" ">
    <subfield code="a">no2020000237</subfield>
  </datafield>
  <datafield tag="035" ind1=" " ind2=" ">
    <subfield code="a">(OCoLC)oca12668218</subfield>
  </datafield>
  <datafield tag="040" ind1=" " ind2=" ">
    <subfield code="a">ICU</subfield>
    <subfield code="b">eng</subfield>
    <subfield code="e">rda</subfield>
    <subfield code="c">ICU</subfield>
  </datafield>
  <datafield tag="046" ind1=" " ind2=" ">
    <subfield code="f">1926-04-01</subfield>
    <subfield code="g">2014-10-06</subfield>
    <subfield code="2">edtf</subfield>
  </datafield>
  <datafield tag="100" ind1="1" ind2=" ">
    <subfield code="a">Ładyka, T.</subfield>
    <subfield code="q">(Teodor),</subfield>
    <subfield code="d">1926-2014</subfield>
  </datafield>
  <datafield tag="370" ind1=" " ind2=" ">
    <subfield code="c">Poland</subfield>
    <subfield code="2">naf</subfield>
  </datafield>
  <datafield tag="374" ind1=" " ind2=" ">
    <subfield code="a">Historians</subfield>
    <subfield code="a">Translators</subfield>
    <subfield code="2">lcsh</subfield>
  </datafield>
  <datafield tag="375" ind1=" " ind2=" ">
    <subfield code="a">Males</subfield>
    <subfield code="2">lcdgt</subfield>
  </datafield>
  <datafield tag="377" ind1=" " ind2=" ">
    <subfield code="a">pol</subfield>
  </datafield>
  <datafield tag="400" ind1="1" ind2=" ">
    <subfield code="a">Ładyka, Teodor,</subfield>
    <subfield code="d">1926-2014</subfield>
  </datafield>
  <datafield tag="670" ind1=" " ind2=" ">
    <subfield code="a">Vipper, R. Rzym i wczesne chrześcijaństwo, 1960:</subfield>
    <subfield code="b">title page (tłumaczył [= translated by] T. Ładyka)</subfield>
  </datafield>
  <datafield tag="670" ind1=" " ind2=" ">
    <subfield code="a">Wikipedia, wolna encyklopedia, January 2, 2020:</subfield>
    <subfield code="b">Teodor Ładyka page (Teodor Ładyka; born 1 April 1926; died 6 October 2014; Polish historian of the labor movement)</subfield>
    <subfield code="u">https://pl.wikipedia.org/wiki/Teodor_%C5%81adyka</subfield>
  </datafield>
  <datafield tag="670" ind1=" " ind2=" ">
    <subfield code="a">Wyborza.pl - Nekrologi WWW site, January 2, 2020:</subfield>
    <subfield code="b">Teodor Ładyka page (dr Teodor Ładyka; historian, translator, editor)</subfield>
    <subfield code="u">http://nekrologi.wyborcza.pl/0,11,,290770,Teodor-%C5%81adyka-nekrolog.html</subfield>
  </datafield>
</record>