
<record>
  <leader>00475nz  a2200157n  4500</leader>
  <controlfield tag="001">11257691</controlfield>
  <controlfield tag="003">DLC</controlfield>
  <controlfield tag="005">20200103073018.0</controlfield>
  <controlfield tag="008">200102n| azannaabn          |a aaa     c</controlfield>
  <datafield tag="010" ind1=" " ind2=" ">
    <subfield code="a">no2020000254</subfield>
  </datafield>
  <datafield tag="035" ind1=" " ind2=" ">
    <subfield code="a">(OCoLC)oca12668235</subfield>
  </datafield>
  <datafield tag="040" ind1=" " ind2=" ">
    <subfield code="a">ICrlF</subfield>
    <subfield code="b">eng</subfield>
    <subfield code="e">rda</subfield>
    <subfield code="c">ICrlF</subfield>
  </datafield>
  <datafield tag="100" ind1="1" ind2=" ">
    <subfield code="a">Lassieur, Allison.</subfield>
    <subfield code="t">25 women who dared to go.</subfield>
    <subfield code="l">Spanish</subfield>
  </datafield>
  <datafield tag="377" ind1=" " ind2=" ">
    <subfield code="a">spa</subfield>
  </datafield>
  <datafield tag="400" ind1="1" ind2=" ">
    <subfield code="a">Lassieur, Allison.</subfield>
    <subfield code="t">25 mujeres que se atrevieron</subfield>
  </datafield>
  <datafield tag="670" ind1=" " ind2=" ">
    <subfield code="a">Lassieur, Allison. 25 mujeres que se atrevieron, 2020.</subfield>
  </datafield>
</record>