
<record>
  <leader>01562nz  a2200229n  4500</leader>
  <controlfield tag="001">11257702</controlfield>
  <controlfield tag="003">DLC</controlfield>
  <controlfield tag="005">20200103073019.0</controlfield>
  <controlfield tag="008">200102n| azannaabn          |n aaa     c</controlfield>
  <datafield tag="010" ind1=" " ind2=" ">
    <subfield code="a">no2020000267</subfield>
  </datafield>
  <datafield tag="035" ind1=" " ind2=" ">
    <subfield code="a">(OCoLC)oca12668248</subfield>
  </datafield>
  <datafield tag="040" ind1=" " ind2=" ">
    <subfield code="a">MoSU</subfield>
    <subfield code="b">eng</subfield>
    <subfield code="e">rda</subfield>
    <subfield code="c">MoSU</subfield>
  </datafield>
  <datafield tag="046" ind1=" " ind2=" ">
    <subfield code="f">1910</subfield>
    <subfield code="g">2007-02-18</subfield>
    <subfield code="2">edtf</subfield>
  </datafield>
  <datafield tag="100" ind1="1" ind2=" ">
    <subfield code="a">Launay, Marcel,</subfield>
    <subfield code="d">1910-2007</subfield>
  </datafield>
  <datafield tag="370" ind1=" " ind2=" ">
    <subfield code="f">Tournai-sur-Dives (France)</subfield>
  </datafield>
  <datafield tag="370" ind1=" " ind2=" ">
    <subfield code="c">France</subfield>
    <subfield code="f">Trun (France)</subfield>
    <subfield code="2">naf</subfield>
  </datafield>
  <datafield tag="373" ind1=" " ind2=" ">
    <subfield code="a">Catholic Church. Diocese of Sées (France)</subfield>
    <subfield code="2">naf</subfield>
  </datafield>
  <datafield tag="374" ind1=" " ind2=" ">
    <subfield code="a">Priests</subfield>
    <subfield code="2">lcsh</subfield>
    <subfield code="s">1936</subfield>
    <subfield code="t">2007</subfield>
  </datafield>
  <datafield tag="377" ind1=" " ind2=" ">
    <subfield code="a">fre</subfield>
  </datafield>
  <datafield tag="670" ind1=" " ind2=" ">
    <subfield code="a">Dans la tourmente de la Guerre : fin de la Bataille de Normandie, 1985:</subfield>
    <subfield code="b">title page (abbé Marcel Launay)</subfield>
  </datafield>
  <datafield tag="670" ind1=" " ind2=" ">
    <subfield code="a">Bibliothèque nationale de France online catalog, viewed January 2, 2020</subfield>
    <subfield code="b">(authorized access point: Launay, Marcel (1910-2007); other data in authority record: born 1910; died February 18, 2007; priest of the diocese of Sées (ordained in 1936); author of Dans la tourmente de la Guerre : fin de la Bataille de Normandie)</subfield>
    <subfield code="u">https://catalogue.bnf.fr/ark:/12148/cb120860596</subfield>
  </datafield>
  <datafield tag="670" ind1=" " ind2=" ">
    <subfield code="a">Ouest-France website, news article published August 19, 2014, viewed online on January 2, 2020</subfield>
    <subfield code="b">(headline: Inauguration de la rue de l&apos;Abbé Marcel-Launay: abbé Marcel Launay; in August, 1944, he was curé of the village of Tournai-sur-Dives; he helped to conduct negotiations between the surrendering German troops and the Allies; later, he served in the town of Trun, near Argentan)</subfield>
    <subfield code="u">https://www.ouest-france.fr/normandie/trun-61160/inauguration-de-la-rue-de-labbe-marcel-launay-2770394</subfield>
  </datafield>
</record>