
<record>
  <leader>00830nz  a2200169n  4500</leader>
  <controlfield tag="001">11257704</controlfield>
  <controlfield tag="003">DLC</controlfield>
  <controlfield tag="005">20200103073019.0</controlfield>
  <controlfield tag="008">200102n| azannaabn          |n aaa     c</controlfield>
  <datafield tag="010" ind1=" " ind2=" ">
    <subfield code="a">no2020000269</subfield>
  </datafield>
  <datafield tag="035" ind1=" " ind2=" ">
    <subfield code="a">(OCoLC)oca12668250</subfield>
  </datafield>
  <datafield tag="040" ind1=" " ind2=" ">
    <subfield code="a">NIC</subfield>
    <subfield code="b">eng</subfield>
    <subfield code="e">rda</subfield>
    <subfield code="c">NIC</subfield>
  </datafield>
  <datafield tag="046" ind1=" " ind2=" ">
    <subfield code="f">1974</subfield>
    <subfield code="2">edtf</subfield>
  </datafield>
  <datafield tag="100" ind1="1" ind2=" ">
    <subfield code="a">Erickson, Jennifer Lynn,</subfield>
    <subfield code="d">1974-</subfield>
  </datafield>
  <datafield tag="670" ind1=" " ind2=" ">
    <subfield code="a">Race-ing Fargo, 2020:</subfield>
    <subfield code="b">CIP title page (Jennifer Erickson) CIP data view (birth year 1974)</subfield>
  </datafield>
  <datafield tag="670" ind1=" " ind2=" ">
    <subfield code="a">OCLC record #760905692, viewed January 2, 2020</subfield>
    <subfield code="b">(usage: Jennifer Lynn Erickson, access point: Erickson, Jennifer Lynn, 1974-)</subfield>
  </datafield>
  <datafield tag="670" ind1=" " ind2=" ">
    <subfield code="a">E-mail from author, January 2, 2020</subfield>
    <subfield code="b">(prefers full name, Jennifer Lynn Erickson; OK to include birth date; Race-ing Fargo is first published book, not the author of States of peace, suppliers of war (dissertation, 2009) or Dangerous trade (2015))</subfield>
  </datafield>
</record>