
<record>
  <leader>00566nz  a2200169n  4500</leader>
  <controlfield tag="001">11257709</controlfield>
  <controlfield tag="003">DLC</controlfield>
  <controlfield tag="005">20200103073019.0</controlfield>
  <controlfield tag="008">200102n| azannaabn          |n aaa     c</controlfield>
  <datafield tag="010" ind1=" " ind2=" ">
    <subfield code="a">no2020000274</subfield>
  </datafield>
  <datafield tag="035" ind1=" " ind2=" ">
    <subfield code="a">(OCoLC)oca12668255</subfield>
  </datafield>
  <datafield tag="040" ind1=" " ind2=" ">
    <subfield code="a">InIU</subfield>
    <subfield code="b">eng</subfield>
    <subfield code="e">rda</subfield>
    <subfield code="c">InIU</subfield>
  </datafield>
  <datafield tag="100" ind1="1" ind2=" ">
    <subfield code="a">Vorm, Eric Stephen</subfield>
  </datafield>
  <datafield tag="370" ind1=" " ind2=" ">
    <subfield code="c">United States</subfield>
    <subfield code="f">Indianapolis (Ind.)</subfield>
    <subfield code="2">naf</subfield>
  </datafield>
  <datafield tag="373" ind1=" " ind2=" ">
    <subfield code="a">IUPUI (Campus)</subfield>
    <subfield code="a">Indiana University</subfield>
    <subfield code="2">naf</subfield>
  </datafield>
  <datafield tag="377" ind1=" " ind2=" ">
    <subfield code="a">eng</subfield>
  </datafield>
  <datafield tag="670" ind1=" " ind2=" ">
    <subfield code="a">Into the black box, 2019:</subfield>
    <subfield code="b">title page (Eric Stephen Vorm; Doctor of Philosophy, School of Informatics and Computing, Indiana University)</subfield>
  </datafield>
</record>