
<record>
  <leader>00719nz  a2200181n  4500</leader>
  <controlfield tag="001">11257711</controlfield>
  <controlfield tag="003">DLC</controlfield>
  <controlfield tag="005">20200103073019.0</controlfield>
  <controlfield tag="008">200102n| azannaabn          |a aaa     c</controlfield>
  <datafield tag="010" ind1=" " ind2=" ">
    <subfield code="a">no2020000276</subfield>
  </datafield>
  <datafield tag="035" ind1=" " ind2=" ">
    <subfield code="a">(OCoLC)oca12668257</subfield>
  </datafield>
  <datafield tag="040" ind1=" " ind2=" ">
    <subfield code="a">ICrlF</subfield>
    <subfield code="b">eng</subfield>
    <subfield code="e">rda</subfield>
    <subfield code="c">ICrlF</subfield>
  </datafield>
  <datafield tag="100" ind1="1" ind2=" ">
    <subfield code="a">Gutman, Colas,</subfield>
    <subfield code="d">1972-</subfield>
    <subfield code="t">Chien Pourri est amoureux.</subfield>
    <subfield code="l">Spanish</subfield>
  </datafield>
  <datafield tag="377" ind1=" " ind2=" ">
    <subfield code="a">spa</subfield>
  </datafield>
  <datafield tag="381" ind1=" " ind2=" ">
    <subfield code="a">Pérez Villanueva</subfield>
  </datafield>
  <datafield tag="400" ind1="1" ind2=" ">
    <subfield code="a">Gutman, Colas,</subfield>
    <subfield code="d">1972-</subfield>
    <subfield code="t">Perro Apestoso se enamora</subfield>
  </datafield>
  <datafield tag="500" ind1="1" ind2=" ">
    <subfield code="w">r</subfield>
    <subfield code="i">Translator:</subfield>
    <subfield code="a">Pérez Villanueva, Luis E.</subfield>
    <subfield code="q">(Luis Esteban)</subfield>
  </datafield>
  <datafield tag="670" ind1=" " ind2=" ">
    <subfield code="a">Gutman, Colas. Perro Apestoso se enamora, 2018 :</subfield>
    <subfield code="b">title page (translation by Luis Esteban Pérez Villanueva) page facing title page (original French title: Chien Pourri est amoureux)</subfield>
  </datafield>
</record>