
<record>
  <leader>00448nz  a2200145n  4500</leader>
  <controlfield tag="001">11257713</controlfield>
  <controlfield tag="003">DLC</controlfield>
  <controlfield tag="005">20200103073019.0</controlfield>
  <controlfield tag="008">200102n| azannaabn          |n aaa     c</controlfield>
  <datafield tag="010" ind1=" " ind2=" ">
    <subfield code="a">no2020000278</subfield>
  </datafield>
  <datafield tag="035" ind1=" " ind2=" ">
    <subfield code="a">(OCoLC)oca12668259</subfield>
  </datafield>
  <datafield tag="040" ind1=" " ind2=" ">
    <subfield code="a">CaIrULL</subfield>
    <subfield code="b">eng</subfield>
    <subfield code="e">rda</subfield>
    <subfield code="c">CaIrULL</subfield>
  </datafield>
  <datafield tag="100" ind1="1" ind2=" ">
    <subfield code="a">Oh, Christina</subfield>
  </datafield>
  <datafield tag="374" ind1=" " ind2=" ">
    <subfield code="a">Motion picture producers and directors</subfield>
    <subfield code="2">lcsh</subfield>
  </datafield>
  <datafield tag="670" ind1=" " ind2=" ">
    <subfield code="a">The last black man in San Francisco, 2019:</subfield>
    <subfield code="b">container (produced by Christina Oh, p.g.a.)</subfield>
  </datafield>
</record>