
<record>
  <leader>00550nz  a2200145n  4500</leader>
  <controlfield tag="001">11257714</controlfield>
  <controlfield tag="003">DLC</controlfield>
  <controlfield tag="005">20200103073019.0</controlfield>
  <controlfield tag="008">200102n| azannaabn          |a aaa     c</controlfield>
  <datafield tag="010" ind1=" " ind2=" ">
    <subfield code="a">no2020000279</subfield>
  </datafield>
  <datafield tag="035" ind1=" " ind2=" ">
    <subfield code="a">(OCoLC)oca12668260</subfield>
  </datafield>
  <datafield tag="040" ind1=" " ind2=" ">
    <subfield code="a">ICU</subfield>
    <subfield code="b">eng</subfield>
    <subfield code="e">rda</subfield>
    <subfield code="c">ICU</subfield>
  </datafield>
  <datafield tag="100" ind1="1" ind2=" ">
    <subfield code="a">Diderot, Denis,</subfield>
    <subfield code="d">1713-1784.</subfield>
    <subfield code="t">Jacques le fataliste et son maître.</subfield>
    <subfield code="l">Polish</subfield>
    <subfield code="s">(Żeleński)</subfield>
  </datafield>
  <datafield tag="400" ind1="1" ind2=" ">
    <subfield code="a">Diderot, Denis,</subfield>
    <subfield code="d">1713-1784.</subfield>
    <subfield code="t">Kubuś Fatalista i jego pan</subfield>
  </datafield>
  <datafield tag="670" ind1=" " ind2=" ">
    <subfield code="a">Diderot, Denis. Kubuś Fatalista i jego pan, 1949:</subfield>
    <subfield code="b">title page (przełożył ... Tadeusz Żeleński-Boy)</subfield>
  </datafield>
</record>