
<record>
  <leader>00633nz  a2200169n  4500</leader>
  <controlfield tag="001">11257716</controlfield>
  <controlfield tag="003">DLC</controlfield>
  <controlfield tag="005">20200103073019.0</controlfield>
  <controlfield tag="008">200102n| azannaabn          |a aaa     c</controlfield>
  <datafield tag="010" ind1=" " ind2=" ">
    <subfield code="a">no2020000282</subfield>
  </datafield>
  <datafield tag="035" ind1=" " ind2=" ">
    <subfield code="a">(OCoLC)oca12668263</subfield>
  </datafield>
  <datafield tag="040" ind1=" " ind2=" ">
    <subfield code="a">WaBeWWUM</subfield>
    <subfield code="b">eng</subfield>
    <subfield code="e">rda</subfield>
    <subfield code="c">WaBeWWUM</subfield>
  </datafield>
  <datafield tag="100" ind1="1" ind2=" ">
    <subfield code="a">Bergmann, Walter,</subfield>
    <subfield code="d">1902-1988.</subfield>
    <subfield code="t">Pastorale,</subfield>
    <subfield code="m">alto voice, flute</subfield>
  </datafield>
  <datafield tag="380" ind1=" " ind2=" ">
    <subfield code="a">Songs</subfield>
    <subfield code="a">Chamber music</subfield>
    <subfield code="a">Pastoral music</subfield>
    <subfield code="2">lcgft</subfield>
  </datafield>
  <datafield tag="382" ind1="0" ind2=" ">
    <subfield code="a">alto voice</subfield>
    <subfield code="n">1</subfield>
    <subfield code="a">flute</subfield>
    <subfield code="n">1</subfield>
    <subfield code="p">alto recorder</subfield>
    <subfield code="n">1</subfield>
    <subfield code="s">2</subfield>
    <subfield code="2">lcmpt</subfield>
  </datafield>
  <datafield tag="400" ind1="1" ind2=" ">
    <subfield code="a">Bergmann, Walter,</subfield>
    <subfield code="d">1902-1988.</subfield>
    <subfield code="t">Pastorale,</subfield>
    <subfield code="m">alto voice, recorder</subfield>
  </datafield>
  <datafield tag="670" ind1=" " ind2=" ">
    <subfield code="a">Bergmann, Walter. Pastorale for alto voice and flute (treble recorder), 1947.</subfield>
  </datafield>
</record>