
<record>
  <leader>01426nz  a2200241n  4500</leader>
  <controlfield tag="001">11257719</controlfield>
  <controlfield tag="003">DLC</controlfield>
  <controlfield tag="005">20200103073020.0</controlfield>
  <controlfield tag="008">200102n| azannaabn          |a ana     c</controlfield>
  <datafield tag="010" ind1=" " ind2=" ">
    <subfield code="a">no2020000285</subfield>
  </datafield>
  <datafield tag="035" ind1=" " ind2=" ">
    <subfield code="a">(OCoLC)oca12668266</subfield>
  </datafield>
  <datafield tag="040" ind1=" " ind2=" ">
    <subfield code="a">PPi-MA</subfield>
    <subfield code="b">eng</subfield>
    <subfield code="e">rda</subfield>
    <subfield code="c">PPi-MA</subfield>
  </datafield>
  <datafield tag="046" ind1=" " ind2=" ">
    <subfield code="s">2011-10</subfield>
    <subfield code="2">edtf</subfield>
  </datafield>
  <datafield tag="110" ind1="2" ind2=" ">
    <subfield code="a">New England Accordion Connection &amp; Museum Company</subfield>
  </datafield>
  <datafield tag="368" ind1=" " ind2=" ">
    <subfield code="a">Music museums</subfield>
    <subfield code="a">Music stores</subfield>
    <subfield code="2">lcsh</subfield>
  </datafield>
  <datafield tag="370" ind1=" " ind2=" ">
    <subfield code="e">Canaan (Conn.)</subfield>
    <subfield code="2">naf</subfield>
  </datafield>
  <datafield tag="371" ind1=" " ind2=" ">
    <subfield code="a">P.O. Box 843, 17 Margaret Lane</subfield>
    <subfield code="b">Caanan</subfield>
    <subfield code="c">Connecticut</subfield>
    <subfield code="d">United States</subfield>
    <subfield code="e">06018</subfield>
    <subfield code="m">ramunni@comcast.net</subfield>
    <subfield code="v">New England Accordion Connection &amp; Museum Company WWW site, January 2, 2020</subfield>
  </datafield>
  <datafield tag="372" ind1=" " ind2=" ">
    <subfield code="a">Accordion</subfield>
    <subfield code="2">lcsh</subfield>
  </datafield>
  <datafield tag="410" ind1="2" ind2=" ">
    <subfield code="a">New England Accordion Connection and Museum Company</subfield>
  </datafield>
  <datafield tag="410" ind1="2" ind2=" ">
    <subfield code="a">NEACMC (New England Accordion Connection and Museum Company)</subfield>
  </datafield>
  <datafield tag="500" ind1="1" ind2=" ">
    <subfield code="w">r</subfield>
    <subfield code="i">Founder:</subfield>
    <subfield code="a">Ramunni, Angelo Paul</subfield>
  </datafield>
  <datafield tag="670" ind1=" " ind2=" ">
    <subfield code="a">Ramunni, Angelo Paul. Accordion stories from the heart, 2018:</subfield>
    <subfield code="b">title page (the New England Accordion Connection and Museum Company) page v (NEACMC; Canaan, Connecticut 06018; Angelo Paul Ramunni, director; buys, sells, and services accordions; offers lessons; sells sheet music and books) page xvii (the New England Accordion Connection &amp; Museum Company; opened fall 2011)</subfield>
  </datafield>
  <datafield tag="670" ind1=" " ind2=" ">
    <subfield code="a">New England Accordion Connection &amp; Museum Company WWW site, January 2, 2020</subfield>
    <subfield code="b">(New England Accordion Connection &amp; Museum Company; NEACMC; opened October 2011 by Paul Ramunni)</subfield>
  </datafield>
</record>