
<record>
  <leader>00692nz  a2200181n  4500</leader>
  <controlfield tag="001">11257721</controlfield>
  <controlfield tag="003">DLC</controlfield>
  <controlfield tag="005">20200103073020.0</controlfield>
  <controlfield tag="008">200102n| azannaabn          |n aaa     c</controlfield>
  <datafield tag="010" ind1=" " ind2=" ">
    <subfield code="a">no2020000287</subfield>
  </datafield>
  <datafield tag="035" ind1=" " ind2=" ">
    <subfield code="a">(OCoLC)oca12668268</subfield>
  </datafield>
  <datafield tag="040" ind1=" " ind2=" ">
    <subfield code="a">NjP</subfield>
    <subfield code="b">eng</subfield>
    <subfield code="e">rda</subfield>
    <subfield code="c">NjP</subfield>
  </datafield>
  <datafield tag="046" ind1=" " ind2=" ">
    <subfield code="f">1967</subfield>
    <subfield code="2">edtf</subfield>
  </datafield>
  <datafield tag="100" ind1="1" ind2=" ">
    <subfield code="a">Frontini, Thomas,</subfield>
    <subfield code="d">1967-</subfield>
  </datafield>
  <datafield tag="370" ind1=" " ind2=" ">
    <subfield code="a">Kingston (Ont.)</subfield>
    <subfield code="e">Cleveland (Ohio)</subfield>
    <subfield code="2">naf</subfield>
  </datafield>
  <datafield tag="372" ind1=" " ind2=" ">
    <subfield code="a">Art</subfield>
    <subfield code="2">lcsh</subfield>
  </datafield>
  <datafield tag="377" ind1=" " ind2=" ">
    <subfield code="a">eng</subfield>
  </datafield>
  <datafield tag="670" ind1=" " ind2=" ">
    <subfield code="a">Thomas Frontini, c2019:</subfield>
    <subfield code="b">page 140 (Thomas Frontini; born 1967 in Kingston, Ontario; 1990, Bachelor of Fine Art, Cleveland Institute of Art, Cleveland, Ohio; 1992, Masters of Fine Art, The Ohio State University, Columbus, Ohio; lives and works in Cleveland, Ohio)</subfield>
  </datafield>
</record>