
<record>
  <leader>01835nz  a2200313n  4500</leader>
  <controlfield tag="001">11257722</controlfield>
  <controlfield tag="003">DLC</controlfield>
  <controlfield tag="005">20200103073020.0</controlfield>
  <controlfield tag="008">200102n| azannaabn          |b aaa     c</controlfield>
  <datafield tag="010" ind1=" " ind2=" ">
    <subfield code="a">no2020000288</subfield>
  </datafield>
  <datafield tag="035" ind1=" " ind2=" ">
    <subfield code="a">(OCoLC)oca12668269</subfield>
  </datafield>
  <datafield tag="040" ind1=" " ind2=" ">
    <subfield code="a">WaU</subfield>
    <subfield code="b">eng</subfield>
    <subfield code="e">rda</subfield>
    <subfield code="c">WaU</subfield>
  </datafield>
  <datafield tag="046" ind1=" " ind2=" ">
    <subfield code="s">15</subfield>
  </datafield>
  <datafield tag="100" ind1="0" ind2=" ">
    <subfield code="a">Maḥmūd ibn Shaykh Z̤iyāʼ al-Dīn,</subfield>
    <subfield code="d">active 16th century</subfield>
  </datafield>
  <datafield tag="368" ind1=" " ind2=" ">
    <subfield code="d">Shaykh</subfield>
  </datafield>
  <datafield tag="370" ind1=" " ind2=" ">
    <subfield code="c">India</subfield>
    <subfield code="f">Delhi (India)</subfield>
    <subfield code="2">naf</subfield>
  </datafield>
  <datafield tag="374" ind1=" " ind2=" ">
    <subfield code="a">Poets</subfield>
    <subfield code="2">lcsh</subfield>
  </datafield>
  <datafield tag="375" ind1=" " ind2=" ">
    <subfield code="a">Males</subfield>
    <subfield code="2">lcdgt</subfield>
  </datafield>
  <datafield tag="377" ind1=" " ind2=" ">
    <subfield code="a">per</subfield>
  </datafield>
  <datafield tag="400" ind1="1" ind2=" ">
    <subfield code="a">Ibn Shaykh Z̤iyāʼ al-Dīn, Maḥmūd,</subfield>
    <subfield code="d">active 16th century</subfield>
  </datafield>
  <datafield tag="400" ind1="0" ind2=" ">
    <subfield code="a">Maḥmūd Ibn Shaykh Z̤iyāʼ,</subfield>
    <subfield code="d">active 16th century</subfield>
  </datafield>
  <datafield tag="400" ind1="0" ind2=" ">
    <subfield code="a">Maḥmood bin Shaikh Ẓiāʼuddīn Aḥmad,</subfield>
    <subfield code="d">active 16th century</subfield>
  </datafield>
  <datafield tag="400" ind1="0" ind2=" ">
    <subfield code="a">Meḥmood bin Shaikh Ẓiāʼuddīn Aḥmad,</subfield>
    <subfield code="d">active 16th century</subfield>
  </datafield>
  <datafield tag="400" ind1="0" ind2=" ">
    <subfield code="a">Mahmood bin Shaikh Ziauddin Ahmed,</subfield>
    <subfield code="d">active 16th century</subfield>
  </datafield>
  <datafield tag="400" ind1="0" ind2=" ">
    <subfield code="a">محمود بن شيخ ضياء الدين،</subfield>
    <subfield code="d">active 16th century</subfield>
  </datafield>
  <datafield tag="400" ind1="1" ind2=" ">
    <subfield code="a">ابن شيخ ضياء الدين، محمود،</subfield>
    <subfield code="d">active 16th century</subfield>
  </datafield>
  <datafield tag="400" ind1="0" ind2=" ">
    <subfield code="a">محمود ابن شيخ ضياء،</subfield>
    <subfield code="d">active 16th century</subfield>
  </datafield>
  <datafield tag="667" ind1=" " ind2=" ">
    <subfield code="a">Non-Latin script references not evaluated.</subfield>
  </datafield>
  <datafield tag="670" ind1=" " ind2=" ">
    <subfield code="a">Farhang-i Tuḥfat al-saʻādat, 2018</subfield>
    <subfield code="b">title page (شيخ محمود بن شيخ ضياء الدين = Shaykh Maḥmūd ibn Shaykh Z̤iyāʼ al-Dīn) added title page (Shaikh Maḥmood bin Shaikh Ẓiāʼuddīn Aḥmad) volume 1, page 9 (second group), etc.(Shaikh Meḥmood bin Shaikh Ẓiāʼuddīn Aḥmad; he was a poet, writer and scholar attached to the court of Iskandar Lodī, the king of Delhi; he wrote his Persian to Persian lexicon Toḥfatus Saʼādat in 1510) dust jacket (Shaikh Mahmood bin Shaikh Ziauddin Ahmed) volume 1, page 30 (first group) (محمود ابن شيخ ضياء = Maḥmūd Ibn Shaykh Z̤iyāʼ)</subfield>
  </datafield>
</record>