
<record>
  <leader>01259nz  a2200229n  4500</leader>
  <controlfield tag="001">11257723</controlfield>
  <controlfield tag="003">DLC</controlfield>
  <controlfield tag="005">20200103073020.0</controlfield>
  <controlfield tag="008">200102n| azannaabn          |a ana     c</controlfield>
  <datafield tag="010" ind1=" " ind2=" ">
    <subfield code="a">no2020000289</subfield>
  </datafield>
  <datafield tag="035" ind1=" " ind2=" ">
    <subfield code="a">(OCoLC)oca12668270</subfield>
  </datafield>
  <datafield tag="040" ind1=" " ind2=" ">
    <subfield code="a">CU-S</subfield>
    <subfield code="b">eng</subfield>
    <subfield code="e">rda</subfield>
    <subfield code="c">CU-S</subfield>
  </datafield>
  <datafield tag="046" ind1=" " ind2=" ">
    <subfield code="s">2016-08-20</subfield>
    <subfield code="t">2016-08-22</subfield>
    <subfield code="2">edtf</subfield>
  </datafield>
  <datafield tag="111" ind1="2" ind2=" ">
    <subfield code="a">IEEE International Conference on Intelligent Transportation Engineering</subfield>
    <subfield code="n">(1st :</subfield>
    <subfield code="d">2016 :</subfield>
    <subfield code="c">Singapore)</subfield>
  </datafield>
  <datafield tag="368" ind1=" " ind2=" ">
    <subfield code="a">Congresses and conventions</subfield>
    <subfield code="2">lcsh</subfield>
  </datafield>
  <datafield tag="370" ind1=" " ind2=" ">
    <subfield code="e">Singapore</subfield>
    <subfield code="2">naf</subfield>
  </datafield>
  <datafield tag="372" ind1=" " ind2=" ">
    <subfield code="a">Transportation engineering</subfield>
    <subfield code="a">Intelligent transportation systems</subfield>
    <subfield code="2">lcsh</subfield>
  </datafield>
  <datafield tag="377" ind1=" " ind2=" ">
    <subfield code="a">eng</subfield>
  </datafield>
  <datafield tag="411" ind1="2" ind2=" ">
    <subfield code="a">ICITE (Conference)</subfield>
    <subfield code="n">(1st :</subfield>
    <subfield code="d">2016 :</subfield>
    <subfield code="c">Singapore)</subfield>
  </datafield>
  <datafield tag="411" ind1="2" ind2=" ">
    <subfield code="a">International Conference on Intelligent Transportation Engineering</subfield>
    <subfield code="n">(1st :</subfield>
    <subfield code="d">2016 :</subfield>
    <subfield code="c">Singapore)</subfield>
  </datafield>
  <datafield tag="670" ind1=" " ind2=" ">
    <subfield code="a">2016 IEEE International Conference on Intelligent Transportation Engineering (ICITE 2016), 2016:</subfield>
    <subfield code="b">title page (2016 IEEE International Conference on Intelligent Transportation Engineering (ICITE 2016), August 20-22, 2016, Singapore)</subfield>
  </datafield>
  <datafield tag="670" ind1=" " ind2=" ">
    <subfield code="a">2017 2nd IEEE International Conference on Intelligent Transportation Engineering, 2017:</subfield>
    <subfield code="b">title page (2017 2nd IEEE International Conference on Intelligent Transportation Engineering : ICITE 2017 : September 1-3, 2017, Singapore)</subfield>
  </datafield>
</record>