
<record>
  <leader>00606nz  a2200169n  4500</leader>
  <controlfield tag="001">11257725</controlfield>
  <controlfield tag="003">DLC</controlfield>
  <controlfield tag="005">20200103073020.0</controlfield>
  <controlfield tag="008">200102n| azannaabn          |a aaa     c</controlfield>
  <datafield tag="010" ind1=" " ind2=" ">
    <subfield code="a">no2020000292</subfield>
  </datafield>
  <datafield tag="035" ind1=" " ind2=" ">
    <subfield code="a">(OCoLC)oca12668273</subfield>
  </datafield>
  <datafield tag="040" ind1=" " ind2=" ">
    <subfield code="a">IAhCCS</subfield>
    <subfield code="b">eng</subfield>
    <subfield code="e">rda</subfield>
    <subfield code="c">IAhCCS</subfield>
  </datafield>
  <datafield tag="046" ind1=" " ind2=" ">
    <subfield code="f">1930-06-06</subfield>
    <subfield code="g">2017-12-19</subfield>
    <subfield code="2">edtf</subfield>
  </datafield>
  <datafield tag="100" ind1="1" ind2=" ">
    <subfield code="a">Wilkin, Jeremy,</subfield>
    <subfield code="d">1930-2017</subfield>
  </datafield>
  <datafield tag="400" ind1="1" ind2=" ">
    <subfield code="a">Wilkins, Jeremy,</subfield>
    <subfield code="d">1930-2017</subfield>
  </datafield>
  <datafield tag="670" ind1=" " ind2=" ">
    <subfield code="a">Curse of the fly, 2019:</subfield>
    <subfield code="b">credits (Jeremy Wilkins; cast)</subfield>
  </datafield>
  <datafield tag="670" ind1=" " ind2=" ">
    <subfield code="a">IMDb, viewed Jan. 2, 2020</subfield>
    <subfield code="b">(Jeremy Wilkin, aka Jeremy Wilkins; b. June 6, 1930; d. Dec. 19, 2017)</subfield>
    <subfield code="u">https://www.imdb.com/name/nm0929229/</subfield>
  </datafield>
</record>