
<record>
  <leader>01380nz  a2200217n  4500</leader>
  <controlfield tag="001">11257726</controlfield>
  <controlfield tag="003">DLC</controlfield>
  <controlfield tag="005">20200103073020.0</controlfield>
  <controlfield tag="008">200102n| azannaabn          |a aaa     c</controlfield>
  <datafield tag="010" ind1=" " ind2=" ">
    <subfield code="a">no2020000293</subfield>
  </datafield>
  <datafield tag="035" ind1=" " ind2=" ">
    <subfield code="a">(OCoLC)oca12668274</subfield>
  </datafield>
  <datafield tag="040" ind1=" " ind2=" ">
    <subfield code="a">UPB</subfield>
    <subfield code="b">eng</subfield>
    <subfield code="e">rda</subfield>
    <subfield code="c">UPB</subfield>
  </datafield>
  <datafield tag="046" ind1=" " ind2=" ">
    <subfield code="k">1980</subfield>
    <subfield code="2">edtf</subfield>
  </datafield>
  <datafield tag="100" ind1="1" ind2=" ">
    <subfield code="a">Herbert, Frank.</subfield>
    <subfield code="t">Seed stock.</subfield>
    <subfield code="l">Spanish</subfield>
  </datafield>
  <datafield tag="336" ind1=" " ind2=" ">
    <subfield code="a">text</subfield>
    <subfield code="2">rdacontent</subfield>
  </datafield>
  <datafield tag="377" ind1=" " ind2=" ">
    <subfield code="a">spa</subfield>
  </datafield>
  <datafield tag="381" ind1=" " ind2=" ">
    <subfield code="a">Martínez</subfield>
  </datafield>
  <datafield tag="400" ind1="1" ind2=" ">
    <subfield code="a">Herbert, Frank.</subfield>
    <subfield code="t">Deposito de semillas</subfield>
  </datafield>
  <datafield tag="500" ind1="1" ind2=" ">
    <subfield code="w">r</subfield>
    <subfield code="i">Translator:</subfield>
    <subfield code="a">Martínez, Miguel A.</subfield>
    <subfield code="q">(Miguel Ángel)</subfield>
  </datafield>
  <datafield tag="530" ind1=" " ind2="0">
    <subfield code="w">r</subfield>
    <subfield code="i">Contained in (work):</subfield>
    <subfield code="a">Space opera (Fanzine).</subfield>
    <subfield code="n">No 2</subfield>
  </datafield>
  <datafield tag="670" ind1=" " ind2=" ">
    <subfield code="a">Space opera (Fanzine). No 2. Space opera, 1980:</subfield>
    <subfield code="b">contents (El cetro de esmeraldas / Carlos Saiz Cidoncha -- Una mujer y un simio / Xabier y Juan José Aroz -- Recordando / Juan Gascón -- Primer contacto / Fdo. P. Fuenteamor -- Documentos SF / cartografía de los Mundos Fantásticos -- Sequencias SF / selección de Fidel Urcelay -- Entrevista / Carlos S. Cidoncha -- Fanzines -- Los mundos perdidos de 2.001 (capit́tulos 3, 4, 5, 6 y 7) = The lost worlds of 2.001 / Arthur C. Clarke ; traducción de: Miguel A. Martínez -- Horror tropical = A tropical horror / William H. Hodgson ; traducción de: Miguel A. Martínez -- Deposito de semillas = The seed stock / Frank Herbert ; traducción de: Miguel A. Martínez -- Portofolio / Antonio J. Morata)</subfield>
  </datafield>
</record>