
<record>
  <leader>00806nz  a2200181n  4500</leader>
  <controlfield tag="001">11257727</controlfield>
  <controlfield tag="003">DLC</controlfield>
  <controlfield tag="005">20200103073020.0</controlfield>
  <controlfield tag="008">200102n| azannaabn          |b aaa     c</controlfield>
  <datafield tag="010" ind1=" " ind2=" ">
    <subfield code="a">no2020000294</subfield>
  </datafield>
  <datafield tag="035" ind1=" " ind2=" ">
    <subfield code="a">(OCoLC)oca12668275</subfield>
  </datafield>
  <datafield tag="040" ind1=" " ind2=" ">
    <subfield code="a">NjP</subfield>
    <subfield code="b">eng</subfield>
    <subfield code="e">rda</subfield>
    <subfield code="c">NjP</subfield>
  </datafield>
  <datafield tag="100" ind1="1" ind2=" ">
    <subfield code="a">Shytyk, Li︠u︡dmyla</subfield>
  </datafield>
  <datafield tag="375" ind1=" " ind2=" ">
    <subfield code="a">Females</subfield>
    <subfield code="2">lcdgt</subfield>
  </datafield>
  <datafield tag="378" ind1=" " ind2=" ">
    <subfield code="q">Li︠u︡dmyla Volodymyrivna</subfield>
  </datafield>
  <datafield tag="400" ind1="1" ind2=" ">
    <subfield code="a">Шитик, Людмила Володимирівна</subfield>
  </datafield>
  <datafield tag="667" ind1=" " ind2=" ">
    <subfield code="a">Non-Latin script reference not evaluated.</subfield>
  </datafield>
  <datafield tag="670" ind1=" " ind2=" ">
    <subfield code="a">Synkhronna perekhidnistʹ syntaksychnykh odynyt︠s︡ʹ v ukraïnsʹkiĭ literaturniĭ movi, 2014:</subfield>
    <subfield code="b">title page (Людмила Шитик = Li︠u︡dmyla Shytyk) colophon (Шитик Людмила Володимирівна = Shytyk Li︠u︡dmyla Volodymyrivna [in indirect order]; pronoun: she)</subfield>
  </datafield>
</record>