
<record>
  <leader>00443nz  a2200133n  4500</leader>
  <controlfield tag="001">11257734</controlfield>
  <controlfield tag="003">DLC</controlfield>
  <controlfield tag="005">20200103073020.0</controlfield>
  <controlfield tag="008">200102n| azannaabn          |n ana     c</controlfield>
  <datafield tag="010" ind1=" " ind2=" ">
    <subfield code="a">no2020000311</subfield>
  </datafield>
  <datafield tag="035" ind1=" " ind2=" ">
    <subfield code="a">(OCoLC)oca12668292</subfield>
  </datafield>
  <datafield tag="040" ind1=" " ind2=" ">
    <subfield code="a">DLC-S</subfield>
    <subfield code="b">eng</subfield>
    <subfield code="c">DLC-S</subfield>
    <subfield code="e">rda</subfield>
  </datafield>
  <datafield tag="110" ind1="2" ind2=" ">
    <subfield code="a">Universität Konstanz.</subfield>
    <subfield code="b">Fachbereich Literaturwissenschaft</subfield>
  </datafield>
  <datafield tag="670" ind1=" " ind2=" ">
    <subfield code="a">Slavica tergestina, volume 17 (2016):</subfield>
    <subfield code="b">p. 5 (Universität Konstanz, Fachbereich Literaturwissenschaft)</subfield>
  </datafield>
</record>