
<record>
  <leader>00672nz  a2200169n  4500</leader>
  <controlfield tag="001">11257737</controlfield>
  <controlfield tag="003">DLC</controlfield>
  <controlfield tag="005">20200103073021.0</controlfield>
  <controlfield tag="008">200102n| azannaabn          |n ana     c</controlfield>
  <datafield tag="010" ind1=" " ind2=" ">
    <subfield code="a">no2020000314</subfield>
  </datafield>
  <datafield tag="035" ind1=" " ind2=" ">
    <subfield code="a">(OCoLC)oca12668295</subfield>
  </datafield>
  <datafield tag="040" ind1=" " ind2=" ">
    <subfield code="a">ICrlF</subfield>
    <subfield code="b">eng</subfield>
    <subfield code="e">rda</subfield>
    <subfield code="c">ICrlF</subfield>
  </datafield>
  <datafield tag="110" ind1="2" ind2=" ">
    <subfield code="a">Mr. Boddington&apos;s Studio</subfield>
  </datafield>
  <datafield tag="370" ind1=" " ind2=" ">
    <subfield code="e">Brooklyn (New York, N.Y.)</subfield>
    <subfield code="2">naf</subfield>
  </datafield>
  <datafield tag="372" ind1=" " ind2=" ">
    <subfield code="a">Children&apos;s literature</subfield>
    <subfield code="a">Stationery</subfield>
    <subfield code="2">lcsh</subfield>
  </datafield>
  <datafield tag="670" ind1=" " ind2=" ">
    <subfield code="a">Mr. Boddington&apos;s Studio. NYC ABCs, 2019:</subfield>
    <subfield code="b">front cover (Mr. Boddington&apos;s Studio)</subfield>
  </datafield>
  <datafield tag="670" ind1=" " ind2=" ">
    <subfield code="a">Its website, Dec. 31, 2019</subfield>
    <subfield code="b">(Mr. Boddington&apos;s Studio, stationery shop and design company in Brooklyn, N.Y., it is also the home of the Secret Society of Letter Writers)</subfield>
  </datafield>
</record>