
<record>
  <leader>01274nz  a2200241n  4500</leader>
  <controlfield tag="001">11257738</controlfield>
  <controlfield tag="003">DLC</controlfield>
  <controlfield tag="005">20200103073021.0</controlfield>
  <controlfield tag="008">200102n| azannaabn          |a aaa     c</controlfield>
  <datafield tag="010" ind1=" " ind2=" ">
    <subfield code="a">no2020000315</subfield>
  </datafield>
  <datafield tag="035" ind1=" " ind2=" ">
    <subfield code="a">(OCoLC)oca12668296</subfield>
  </datafield>
  <datafield tag="040" ind1=" " ind2=" ">
    <subfield code="a">ICU</subfield>
    <subfield code="b">eng</subfield>
    <subfield code="e">rda</subfield>
    <subfield code="c">ICU</subfield>
  </datafield>
  <datafield tag="046" ind1=" " ind2=" ">
    <subfield code="g">1649-04-23</subfield>
    <subfield code="2">edtf</subfield>
  </datafield>
  <datafield tag="100" ind1="1" ind2=" ">
    <subfield code="a">Giustiniani, Marco,</subfield>
    <subfield code="d">-1649</subfield>
  </datafield>
  <datafield tag="370" ind1=" " ind2=" ">
    <subfield code="b">Verona (Italy)</subfield>
    <subfield code="2">naf</subfield>
  </datafield>
  <datafield tag="370" ind1=" " ind2=" ">
    <subfield code="e">Torcello (Italy)</subfield>
    <subfield code="e">Ceneda (Italy)</subfield>
    <subfield code="e">Verona (Italy)</subfield>
    <subfield code="2">naf</subfield>
  </datafield>
  <datafield tag="373" ind1=" " ind2=" ">
    <subfield code="a">Catholic Church</subfield>
    <subfield code="2">naf</subfield>
  </datafield>
  <datafield tag="374" ind1=" " ind2=" ">
    <subfield code="a">Bishops</subfield>
    <subfield code="2">lcsh</subfield>
  </datafield>
  <datafield tag="375" ind1=" " ind2=" ">
    <subfield code="a">Males</subfield>
    <subfield code="2">lcdgt</subfield>
  </datafield>
  <datafield tag="400" ind1="1" ind2=" ">
    <subfield code="a">Iustinianus, Marcus,</subfield>
    <subfield code="d">-1649</subfield>
  </datafield>
  <datafield tag="400" ind1="1" ind2=" ">
    <subfield code="a">Ivstinianvs, Marcvs,</subfield>
    <subfield code="d">-1649</subfield>
  </datafield>
  <datafield tag="670" ind1=" " ind2=" ">
    <subfield code="a">Stefani, Giovanni. Ioannis Stephani philosophi, ac medici Bellunensis Nicolai Veneti civis filii Tobiae liber, M.DC.XXIX., 1629:</subfield>
    <subfield code="b">title page (... Illustriss. atque Reverendiss. Marcvm Ivstinianvm, episcopvm Cenetensem [= the most illustrious and reverend Marcus Justinianus, bishop of Ceneta)</subfield>
  </datafield>
  <datafield tag="670" ind1=" " ind2=" ">
    <subfield code="a">Wikipedia, the Free Encyclopedia, January 2, 2019:</subfield>
    <subfield code="b">Marco Giustiniani [bishop of Verona] page (Marco Giustiniani; died 23 April 1649 in Verona; Roman Catholic prelate who served as Bishop of Torcello (1625); Bishop of Ceneda (1625-1631), and Bishop of Verona (1631-1649)</subfield>
    <subfield code="u">https://en.wikipedia.org/wiki/Marco_Giustiniani_(bishop_of_Verona)</subfield>
  </datafield>
</record>