
<record>
  <leader>00908nz  a2200157n  4500</leader>
  <controlfield tag="001">11257739</controlfield>
  <controlfield tag="003">DLC</controlfield>
  <controlfield tag="005">20200103073021.0</controlfield>
  <controlfield tag="008">200102n| azannaabn          |n aaa     c</controlfield>
  <datafield tag="010" ind1=" " ind2=" ">
    <subfield code="a">no2020000316</subfield>
  </datafield>
  <datafield tag="035" ind1=" " ind2=" ">
    <subfield code="a">(OCoLC)oca12668297</subfield>
  </datafield>
  <datafield tag="040" ind1=" " ind2=" ">
    <subfield code="a">IJol</subfield>
    <subfield code="b">eng</subfield>
    <subfield code="e">rda</subfield>
    <subfield code="c">IJol</subfield>
  </datafield>
  <datafield tag="100" ind1="1" ind2=" ">
    <subfield code="a">Wen, Abigail Hing</subfield>
  </datafield>
  <datafield tag="370" ind1=" " ind2=" ">
    <subfield code="e">California</subfield>
    <subfield code="2">naf</subfield>
  </datafield>
  <datafield tag="374" ind1=" " ind2=" ">
    <subfield code="a">Authors</subfield>
    <subfield code="a">Lawyers</subfield>
    <subfield code="2">lcsh</subfield>
  </datafield>
  <datafield tag="670" ind1=" " ind2=" ">
    <subfield code="a">Loveboat, Taipei, 2019 :</subfield>
    <subfield code="b">title page (Abigail Hing Wen) jacket flap (Abigail Hing Wen holds a BA from Harvard, a JD from Columbia Law School, and an MFA from the Vermont School of Fine Arts. Like Ever, she is obsessed with musicals. When she&apos;s not writing stories or listening to her favorite scores, she is busy working as an attorney in venture captial and artificial intelligence in Silicon Valley, where she lives with her husband and two sons. Loveboat, Taipei is her first novel, and you can find her online at www.abigailhingwen.com)</subfield>
  </datafield>
</record>