
<record>
  <leader>00644nz  a2200157n  4500</leader>
  <controlfield tag="001">11257742</controlfield>
  <controlfield tag="003">DLC</controlfield>
  <controlfield tag="005">20200103073021.0</controlfield>
  <controlfield tag="008">200102n| azannaabn          |n aaa     c</controlfield>
  <datafield tag="010" ind1=" " ind2=" ">
    <subfield code="a">no2020000321</subfield>
  </datafield>
  <datafield tag="035" ind1=" " ind2=" ">
    <subfield code="a">(OCoLC)oca12668302</subfield>
  </datafield>
  <datafield tag="040" ind1=" " ind2=" ">
    <subfield code="a">UM</subfield>
    <subfield code="b">eng</subfield>
    <subfield code="e">rda</subfield>
    <subfield code="c">UM</subfield>
  </datafield>
  <datafield tag="100" ind1="1" ind2=" ">
    <subfield code="a">Taylor, Drake E.</subfield>
  </datafield>
  <datafield tag="374" ind1=" " ind2=" ">
    <subfield code="a">United States. Air Force. Non-commissioned officers</subfield>
    <subfield code="2">lcsh</subfield>
  </datafield>
  <datafield tag="375" ind1=" " ind2=" ">
    <subfield code="a">Males</subfield>
    <subfield code="2">lcdgt</subfield>
  </datafield>
  <datafield tag="670" ind1=" " ind2=" ">
    <subfield code="a">Taylor, Drake E. The four hats of leadership, 2019:</subfield>
    <subfield code="b">title page (Drake E. Taylor) back cover (Drake E. Taylor is currently a United States Air Force Officer, you can follow him on Facebook at The telescope and on Instagram &quot;the fouhatsofleadership&quot;)</subfield>
  </datafield>
</record>