
<record>
  <leader>00607nz  a2200181n  4500</leader>
  <controlfield tag="001">11257746</controlfield>
  <controlfield tag="003">DLC</controlfield>
  <controlfield tag="005">20200103073022.0</controlfield>
  <controlfield tag="008">200102n| azannaabn          |n aaa     c</controlfield>
  <datafield tag="010" ind1=" " ind2=" ">
    <subfield code="a">no2020000325</subfield>
  </datafield>
  <datafield tag="035" ind1=" " ind2=" ">
    <subfield code="a">(OCoLC)oca12668306</subfield>
  </datafield>
  <datafield tag="040" ind1=" " ind2=" ">
    <subfield code="a">IEN</subfield>
    <subfield code="b">eng</subfield>
    <subfield code="e">rda</subfield>
    <subfield code="c">IEN</subfield>
  </datafield>
  <datafield tag="053" ind1=" " ind2="4">
    <subfield code="a">PR9387.9.O4895</subfield>
    <subfield code="5">IEN</subfield>
  </datafield>
  <datafield tag="100" ind1="1" ind2=" ">
    <subfield code="a">Oluwasegun, Victor</subfield>
  </datafield>
  <datafield tag="370" ind1=" " ind2=" ">
    <subfield code="a">Sagamu (Nigeria)</subfield>
    <subfield code="c">Nigeria</subfield>
    <subfield code="2">naf</subfield>
  </datafield>
  <datafield tag="374" ind1=" " ind2=" ">
    <subfield code="a">Authors, Nigerian</subfield>
    <subfield code="a">Journalists</subfield>
    <subfield code="2">lcsh</subfield>
  </datafield>
  <datafield tag="377" ind1=" " ind2=" ">
    <subfield code="a">eng</subfield>
  </datafield>
  <datafield tag="670" ind1=" " ind2=" ">
    <subfield code="a">In the shadow, 2013:</subfield>
    <subfield code="b">title page (Victor Oluwasegun) back cover (born in Sagamu, Ogun State, currently a political correspondent for the Nation Newspapers)</subfield>
  </datafield>
</record>