
<record>
  <leader>00844nz  a2200193n  4500</leader>
  <controlfield tag="001">11257748</controlfield>
  <controlfield tag="003">DLC</controlfield>
  <controlfield tag="005">20200103073022.0</controlfield>
  <controlfield tag="008">200102n| azannaabn          |a aaa     c</controlfield>
  <datafield tag="010" ind1=" " ind2=" ">
    <subfield code="a">no2020000331</subfield>
  </datafield>
  <datafield tag="035" ind1=" " ind2=" ">
    <subfield code="a">(OCoLC)oca12668312</subfield>
  </datafield>
  <datafield tag="040" ind1=" " ind2=" ">
    <subfield code="a">ICrlF</subfield>
    <subfield code="b">eng</subfield>
    <subfield code="e">rda</subfield>
    <subfield code="c">ICrlF</subfield>
  </datafield>
  <datafield tag="046" ind1=" " ind2=" ">
    <subfield code="k">2020</subfield>
    <subfield code="2">edtf</subfield>
  </datafield>
  <datafield tag="100" ind1="1" ind2=" ">
    <subfield code="a">Gunderson, Jessica.</subfield>
    <subfield code="t">School musical meltdown.</subfield>
    <subfield code="l">Spanish</subfield>
  </datafield>
  <datafield tag="377" ind1=" " ind2=" ">
    <subfield code="a">spa</subfield>
  </datafield>
  <datafield tag="381" ind1=" " ind2=" ">
    <subfield code="a">Aparicio Publishing</subfield>
  </datafield>
  <datafield tag="400" ind1="1" ind2=" ">
    <subfield code="a">Gunderson, Jessica.</subfield>
    <subfield code="t">Desastre en el musical</subfield>
  </datafield>
  <datafield tag="670" ind1=" " ind2=" ">
    <subfield code="a">Gunderson, Jessica. Desastre en el musical, 2020:</subfield>
    <subfield code="b">page facing t.p. (translated into the Spanish language by Aparicio Publishing) t.p. (Stone Arch Books, a Capstone imprint)</subfield>
  </datafield>
  <datafield tag="670" ind1=" " ind2=" ">
    <subfield code="a">Capstone Publishing website viewed Jan. 2, 2020</subfield>
    <subfield code="b">(Desastre en el musical (The School Musical Meltdown))</subfield>
    <subfield code="u">https://www.capstonepub.com/library/products/desastre-en-el-musical-1/</subfield>
  </datafield>
</record>