
<record>
  <leader>00616nz  a2200193n  4500</leader>
  <controlfield tag="001">11257752</controlfield>
  <controlfield tag="003">DLC</controlfield>
  <controlfield tag="005">20200103073022.0</controlfield>
  <controlfield tag="008">200102n| azannaabn          |a aaa      </controlfield>
  <datafield tag="010" ind1=" " ind2=" ">
    <subfield code="a">no2020000344</subfield>
  </datafield>
  <datafield tag="016" ind1=" " ind2=" ">
    <subfield code="a">1032J1545E</subfield>
  </datafield>
  <datafield tag="035" ind1=" " ind2=" ">
    <subfield code="a">(OCoLC)oca12668325</subfield>
  </datafield>
  <datafield tag="040" ind1=" " ind2=" ">
    <subfield code="a">CaOONL</subfield>
    <subfield code="b">eng</subfield>
    <subfield code="e">rda</subfield>
    <subfield code="c">CaOONL</subfield>
  </datafield>
  <datafield tag="042" ind1=" " ind2=" ">
    <subfield code="a">nlc</subfield>
  </datafield>
  <datafield tag="046" ind1=" " ind2=" ">
    <subfield code="k">2019</subfield>
    <subfield code="2">edtf</subfield>
  </datafield>
  <datafield tag="100" ind1="1" ind2=" ">
    <subfield code="a">Bennett, Roxanna,</subfield>
    <subfield code="d">1971-</subfield>
    <subfield code="t">Poems.</subfield>
    <subfield code="k">Selections</subfield>
  </datafield>
  <datafield tag="380" ind1=" " ind2=" ">
    <subfield code="a">Poetry</subfield>
    <subfield code="2">lcgft</subfield>
  </datafield>
  <datafield tag="400" ind1="1" ind2=" ">
    <subfield code="a">Bennett, Roxanna,</subfield>
    <subfield code="d">1971-</subfield>
    <subfield code="t">Unmeaningable</subfield>
  </datafield>
  <datafield tag="670" ind1=" " ind2=" ">
    <subfield code="a">Unmeaningable, 2019:</subfield>
    <subfield code="b">title page (poems by Roxanna Bennett) page 95 (some of these poems appeared in the chapbook Unseen garden)</subfield>
  </datafield>
</record>