
<record>
  <leader>01305nz  a2200241n  4500</leader>
  <controlfield tag="001">11257756</controlfield>
  <controlfield tag="003">DLC</controlfield>
  <controlfield tag="005">20200103073022.0</controlfield>
  <controlfield tag="008">200102n| azannaabn           n aaa     c</controlfield>
  <datafield tag="010" ind1=" " ind2=" ">
    <subfield code="a">no2020000348</subfield>
  </datafield>
  <datafield tag="035" ind1=" " ind2=" ">
    <subfield code="a">(OCoLC)oca12668329</subfield>
  </datafield>
  <datafield tag="040" ind1=" " ind2=" ">
    <subfield code="a">CtWfDGI</subfield>
    <subfield code="b">eng</subfield>
    <subfield code="e">rda</subfield>
    <subfield code="c">CtWfDGI</subfield>
  </datafield>
  <datafield tag="046" ind1=" " ind2=" ">
    <subfield code="f">1925-03-14</subfield>
    <subfield code="g">1996-04-11</subfield>
    <subfield code="2">edtf</subfield>
  </datafield>
  <datafield tag="100" ind1="1" ind2=" ">
    <subfield code="a">Smith, Albert T.,</subfield>
    <subfield code="c">Jr.,</subfield>
    <subfield code="d">1925-1996</subfield>
  </datafield>
  <datafield tag="372" ind1=" " ind2=" ">
    <subfield code="a">Command of troops</subfield>
    <subfield code="a">Leadership</subfield>
    <subfield code="2">lcsh</subfield>
  </datafield>
  <datafield tag="373" ind1=" " ind2=" ">
    <subfield code="a">United States Army Infantry School</subfield>
    <subfield code="a">Pennsylvania Military College</subfield>
    <subfield code="2">naf</subfield>
  </datafield>
  <datafield tag="374" ind1=" " ind2=" ">
    <subfield code="a">Armed Forces--Officers</subfield>
    <subfield code="2">lcsh</subfield>
  </datafield>
  <datafield tag="375" ind1=" " ind2=" ">
    <subfield code="a">Males</subfield>
    <subfield code="2">lcdgt</subfield>
  </datafield>
  <datafield tag="377" ind1=" " ind2=" ">
    <subfield code="a">eng</subfield>
  </datafield>
  <datafield tag="378" ind1=" " ind2=" ">
    <subfield code="q">Albert Thayer</subfield>
  </datafield>
  <datafield tag="670" ind1=" " ind2=" ">
    <subfield code="a">Smith, A. Does the Army as presently organized have a need for organic aircraft..., 1958?:</subfield>
    <subfield code="b">title leaf (Albert T. Smith, Jr.; Captain)</subfield>
  </datafield>
  <datafield tag="670" ind1=" " ind2=" ">
    <subfield code="a">Department of the Army. U.S. Army register, 1965:</subfield>
    <subfield code="b">vol. 1, p. 499 (Smith, Albert Thayer, Jr.; B- Ill 14 Mar 25; Grad USA Inf Sch O Adv Crse 58; BS in BA Pa Mil Coll 50; Enl 2 July 43)</subfield>
  </datafield>
  <datafield tag="670" ind1=" " ind2=" ">
    <subfield code="a">Find A Grave website, viewed January 2, 2020</subfield>
    <subfield code="b">(Albert Thayer Smith, Jr.; birth: 14 March 1925; death: 11 Apr 1996 (aged 71); burial: Christ Church Cemetery, Fountain Springs, Schuylkill County, Pennsylvania; inscription: Col US Army World War II Korea Vietnam)</subfield>
    <subfield code="u">https://www.findagrave.com/memorial/44305244/albert-thayer-smith</subfield>
  </datafield>
</record>