
<record>
  <leader>01521nz  a2200229n  4500</leader>
  <controlfield tag="001">11257761</controlfield>
  <controlfield tag="003">DLC</controlfield>
  <controlfield tag="005">20200103073022.0</controlfield>
  <controlfield tag="008">200102n| azannaabn          |a ana     c</controlfield>
  <datafield tag="010" ind1=" " ind2=" ">
    <subfield code="a">no2020000355</subfield>
  </datafield>
  <datafield tag="035" ind1=" " ind2=" ">
    <subfield code="a">(OCoLC)oca12668336</subfield>
  </datafield>
  <datafield tag="040" ind1=" " ind2=" ">
    <subfield code="a">DHMM</subfield>
    <subfield code="b">eng</subfield>
    <subfield code="e">rda</subfield>
    <subfield code="c">DHMM</subfield>
  </datafield>
  <datafield tag="110" ind1="2" ind2=" ">
    <subfield code="a">Schlesiersee II (Concentration camp)</subfield>
  </datafield>
  <datafield tag="368" ind1=" " ind2=" ">
    <subfield code="a">Concentration camps</subfield>
    <subfield code="2">lcsh</subfield>
  </datafield>
  <datafield tag="372" ind1=" " ind2=" ">
    <subfield code="a">Forced labor</subfield>
    <subfield code="2">lcsh</subfield>
  </datafield>
  <datafield tag="410" ind1="2" ind2=" ">
    <subfield code="a">FAL Schlesiersee II</subfield>
  </datafield>
  <datafield tag="410" ind1="2" ind2=" ">
    <subfield code="a">Pürschkau (Concentration camp)</subfield>
  </datafield>
  <datafield tag="510" ind1="2" ind2=" ">
    <subfield code="w">r</subfield>
    <subfield code="i">Hierarchical superior:</subfield>
    <subfield code="a">Gross-Rosen (Concentration camp)</subfield>
  </datafield>
  <datafield tag="670" ind1=" " ind2=" ">
    <subfield code="a">US Holocaust Memorial Museum catalog, 2 January 2020</subfield>
    <subfield code="b">(Schlesiersee II (Concentration camp)</subfield>
  </datafield>
  <datafield tag="670" ind1=" " ind2=" ">
    <subfield code="a">United States Holocaust Memorial Museum encyclopedia of camps and ghettos, 1933-1945, c2009-:</subfield>
    <subfield code="b">volume 1, page 804 (Schlesiersee II commando was formed from the second transport of 1,000 Jewish women from Poland and Hungary that arrived at Schlesiersee from Auschwitz in October 1944; they were put on Count Haugewitz&apos;s western farm called Bänisch; it was 1.5 kilo-meters (almost 1 mile) south of the village of Pürschkau (now Przybyszow); subcamp of Gross-Rosen)</subfield>
  </datafield>
  <datafield tag="670" ind1=" " ind2=" ">
    <subfield code="a">Muzeum Gross Rosen w Rogoźnicy website, 2 January 2020</subfield>
    <subfield code="b">(FAL Schlesiersee II powstał w październiku 1944 r. Został zlokalizowany w pobliżu miejscowości Pürschkau (Przybyszów) w folwarku zachodnim, zwanym Bänisch; kobiety były zatrudnione przy budowie umocnień i kopaniu rowów przeciwczołgowych)</subfield>
  </datafield>
  <datafield tag="675" ind1=" " ind2=" ">
    <subfield code="a">Das nationalsozialistische Lagersystem, 1990</subfield>
  </datafield>
</record>