
<record>
  <leader>01336nz  a2200181n  4500</leader>
  <controlfield tag="001">11257766</controlfield>
  <controlfield tag="003">DLC</controlfield>
  <controlfield tag="005">20200103073022.0</controlfield>
  <controlfield tag="008">200102n| azannaabn          |n aaa     c</controlfield>
  <datafield tag="010" ind1=" " ind2=" ">
    <subfield code="a">no2020000364</subfield>
  </datafield>
  <datafield tag="035" ind1=" " ind2=" ">
    <subfield code="a">(OCoLC)oca12668345</subfield>
  </datafield>
  <datafield tag="040" ind1=" " ind2=" ">
    <subfield code="a">UPB</subfield>
    <subfield code="b">eng</subfield>
    <subfield code="e">rda</subfield>
    <subfield code="c">UPB</subfield>
  </datafield>
  <datafield tag="046" ind1=" " ind2=" ">
    <subfield code="k">1976</subfield>
    <subfield code="2">edtf</subfield>
  </datafield>
  <datafield tag="100" ind1="1" ind2=" ">
    <subfield code="a">Sáiz Cidoncha, Carlos,</subfield>
    <subfield code="d">1939-2018.</subfield>
    <subfield code="t">Cetro de esmeraldas</subfield>
  </datafield>
  <datafield tag="380" ind1=" " ind2=" ">
    <subfield code="a">Short stories</subfield>
    <subfield code="a">Science fiction</subfield>
    <subfield code="2">lcgft</subfield>
  </datafield>
  <datafield tag="380" ind1=" " ind2=" ">
    <subfield code="a">Speculative fiction</subfield>
    <subfield code="2">lcsh</subfield>
  </datafield>
  <datafield tag="670" ind1=" " ind2=" ">
    <subfield code="a">Space opera (Fanzine). No 2. Space opera, 1980:</subfield>
    <subfield code="b">contents (El cetro de esmeraldas / Carlos Saiz Cidoncha -- Una mujer y un simio / Xabier y Juan José Aroz -- Recordando / Juan Gascón -- Primer contacto / Fdo. P. Fuenteamor -- Documentos SF / cartografía de los Mundos Fantásticos -- Sequencias SF / selección de Fidel Urcelay -- Entrevista / Carlos S. Cidoncha -- Fanzines -- Los mundos perdidos de 2.001 (capit́tulos 3, 4, 5, 6 y 7) = The lost worlds of 2.001 / Arthur C. Clarke ; traducción de: Miguel A. Martínez -- Horror tropical = A tropical horror / William H. Hodgson ; traducción de: Miguel A. Martínez -- Deposito de semillas = The seed stock / Frank Herbert ; traducción de: Miguel A. Martínez -- Portofolio / Antonio J. Morata)</subfield>
  </datafield>
  <datafield tag="670" ind1=" " ind2=" ">
    <subfield code="a">Tercerafundacion.net, 2 January 2020</subfield>
    <subfield code="b">(El cetro de esmeraldas; short story first published in 1976)</subfield>
  </datafield>
</record>