
<record>
  <leader>00798nz  a2200229n  4500</leader>
  <controlfield tag="001">11257774</controlfield>
  <controlfield tag="003">DLC</controlfield>
  <controlfield tag="005">20200103073023.0</controlfield>
  <controlfield tag="008">200102n| azannaabn          |b aaa     c</controlfield>
  <datafield tag="010" ind1=" " ind2=" ">
    <subfield code="a">no2020000372</subfield>
  </datafield>
  <datafield tag="035" ind1=" " ind2=" ">
    <subfield code="a">(OCoLC)oca12668353</subfield>
  </datafield>
  <datafield tag="040" ind1=" " ind2=" ">
    <subfield code="a">InU</subfield>
    <subfield code="b">eng</subfield>
    <subfield code="e">rda</subfield>
    <subfield code="c">InU</subfield>
  </datafield>
  <datafield tag="046" ind1=" " ind2=" ">
    <subfield code="k">2018</subfield>
    <subfield code="2">edtf</subfield>
  </datafield>
  <datafield tag="100" ind1="1" ind2=" ">
    <subfield code="a">Narbut, Vladimir,</subfield>
    <subfield code="d">1888-1938.</subfield>
    <subfield code="t">Works.</subfield>
    <subfield code="f">2018</subfield>
  </datafield>
  <datafield tag="336" ind1=" " ind2=" ">
    <subfield code="a">text</subfield>
    <subfield code="b">txt</subfield>
    <subfield code="2">rdacontent</subfield>
  </datafield>
  <datafield tag="377" ind1=" " ind2=" ">
    <subfield code="a">rus</subfield>
  </datafield>
  <datafield tag="400" ind1="1" ind2=" ">
    <subfield code="a">Нарбут, Владимир,</subfield>
    <subfield code="d">1888-1938.</subfield>
    <subfield code="t">Works.</subfield>
    <subfield code="f">2018</subfield>
  </datafield>
  <datafield tag="400" ind1="1" ind2=" ">
    <subfield code="a">Narbut, Vladimir,</subfield>
    <subfield code="d">1888-1938.</subfield>
    <subfield code="t">Sobranie sochineniĭ.</subfield>
    <subfield code="f">2018</subfield>
  </datafield>
  <datafield tag="400" ind1="1" ind2=" ">
    <subfield code="a">Narbut, Vladimir,</subfield>
    <subfield code="d">1888-1938.</subfield>
    <subfield code="t">Собрание сочинений.</subfield>
    <subfield code="f">2018</subfield>
  </datafield>
  <datafield tag="500" ind1="1" ind2=" ">
    <subfield code="w">r</subfield>
    <subfield code="i">Editor:</subfield>
    <subfield code="a">Kozhukharov, Roman</subfield>
  </datafield>
  <datafield tag="667" ind1=" " ind2=" ">
    <subfield code="a">Non-Latin script references not evaluated.</subfield>
  </datafield>
  <datafield tag="670" ind1=" " ind2=" ">
    <subfield code="a">Narbut, Vladimir. Sobranie sochineniĭ, 2018.</subfield>
  </datafield>
</record>