
<record>
  <leader>00647nz  a2200157n  4500</leader>
  <controlfield tag="001">11257778</controlfield>
  <controlfield tag="003">DLC</controlfield>
  <controlfield tag="005">20200103073023.0</controlfield>
  <controlfield tag="008">200102n| azannaabn          |n aaa     c</controlfield>
  <datafield tag="010" ind1=" " ind2=" ">
    <subfield code="a">no2020000376</subfield>
  </datafield>
  <datafield tag="035" ind1=" " ind2=" ">
    <subfield code="a">(OCoLC)oca12668357</subfield>
  </datafield>
  <datafield tag="040" ind1=" " ind2=" ">
    <subfield code="a">IJol</subfield>
    <subfield code="b">eng</subfield>
    <subfield code="e">rda</subfield>
    <subfield code="c">IJol</subfield>
  </datafield>
  <datafield tag="100" ind1="1" ind2=" ">
    <subfield code="a">Culley, Betty</subfield>
  </datafield>
  <datafield tag="370" ind1=" " ind2=" ">
    <subfield code="e">Maine</subfield>
    <subfield code="2">naf</subfield>
  </datafield>
  <datafield tag="374" ind1=" " ind2=" ">
    <subfield code="a">Authors</subfield>
    <subfield code="a">Nurses</subfield>
    <subfield code="2">lcsh</subfield>
  </datafield>
  <datafield tag="670" ind1=" " ind2=" ">
    <subfield code="a">Three Things I Know Are True, 2019 :</subfield>
    <subfield code="b">title page (Betty Culley) jacket flap (Betty Culley lives in central MAine, where the rivers run through the small towns. She&apos;s an RN who worked as an obstetrics nurse and as a pediatrics home hospice nurse. Three Things I Know Are True is her debut.)</subfield>
  </datafield>
</record>