
<record>
  <leader>03202nz  a2200409n  4500</leader>
  <controlfield tag="001">11257782</controlfield>
  <controlfield tag="003">DLC</controlfield>
  <controlfield tag="005">20200103073023.0</controlfield>
  <controlfield tag="008">200102n| azannaabn          |b aaa     c</controlfield>
  <datafield tag="010" ind1=" " ind2=" ">
    <subfield code="a">no2020000380</subfield>
  </datafield>
  <datafield tag="035" ind1=" " ind2=" ">
    <subfield code="a">(OCoLC)oca12668361</subfield>
  </datafield>
  <datafield tag="040" ind1=" " ind2=" ">
    <subfield code="a">WaU</subfield>
    <subfield code="b">eng</subfield>
    <subfield code="e">rda</subfield>
    <subfield code="c">WaU</subfield>
  </datafield>
  <datafield tag="046" ind1=" " ind2=" ">
    <subfield code="g">1348</subfield>
    <subfield code="2">edtf</subfield>
  </datafield>
  <datafield tag="100" ind1="1" ind2=" ">
    <subfield code="a">Miʻmār, Jamāl al-Dīn Ibrāhīm ibn ʻAlī,</subfield>
    <subfield code="d">-1348</subfield>
  </datafield>
  <datafield tag="370" ind1=" " ind2=" ">
    <subfield code="a">Cairo (Egypt)</subfield>
    <subfield code="c">Egypt</subfield>
    <subfield code="2">naf</subfield>
  </datafield>
  <datafield tag="374" ind1=" " ind2=" ">
    <subfield code="a">Poets</subfield>
    <subfield code="a">Architects and builders</subfield>
    <subfield code="a">Weavers</subfield>
    <subfield code="2">lcsh</subfield>
  </datafield>
  <datafield tag="375" ind1=" " ind2=" ">
    <subfield code="a">Males</subfield>
    <subfield code="2">lcdgt</subfield>
  </datafield>
  <datafield tag="377" ind1=" " ind2=" ">
    <subfield code="a">ara</subfield>
  </datafield>
  <datafield tag="400" ind1="0" ind2=" ">
    <subfield code="a">Jamāl al-Dīn Ibrāhīm ibn ʻAlī al-Miʻmār,</subfield>
    <subfield code="d">-1348</subfield>
  </datafield>
  <datafield tag="400" ind1="1" ind2=" ">
    <subfield code="a">Miʻmār, Ibrāhīm ibn ʻAlī,</subfield>
    <subfield code="d">-1348</subfield>
  </datafield>
  <datafield tag="400" ind1="1" ind2=" ">
    <subfield code="a">Miʻmār, Ibrāhīm,</subfield>
    <subfield code="d">-1348</subfield>
  </datafield>
  <datafield tag="400" ind1="1" ind2=" ">
    <subfield code="a">Ḥāʼik, Jamāl al-Dīn Ibrāhīm ibn ʻAlī,</subfield>
    <subfield code="d">-1348</subfield>
  </datafield>
  <datafield tag="400" ind1="0" ind2=" ">
    <subfield code="a">Ibrāhīm ibn Aḥmad,</subfield>
    <subfield code="d">-1348</subfield>
  </datafield>
  <datafield tag="400" ind1="1" ind2=" ">
    <subfield code="a">Miʻmār, Ibrāhīm ibn ʻAbd Allāh,</subfield>
    <subfield code="d">-1348</subfield>
  </datafield>
  <datafield tag="400" ind1="0" ind2=" ">
    <subfield code="a">Ghulām al-Nūrī,</subfield>
    <subfield code="d">-1348</subfield>
  </datafield>
  <datafield tag="400" ind1="1" ind2=" ">
    <subfield code="a">Miʻmār, Abū al-Ẓarāʼif Ibrāhīm ibn ʻAlī,</subfield>
    <subfield code="d">-1348</subfield>
  </datafield>
  <datafield tag="400" ind1="1" ind2=" ">
    <subfield code="a">معمار، جمال الدين ابراهيم بن علي،</subfield>
    <subfield code="d">-1348</subfield>
  </datafield>
  <datafield tag="400" ind1="0" ind2=" ">
    <subfield code="a">جمال الدين ابراهيم بن علي المعمار،</subfield>
    <subfield code="d">1348</subfield>
  </datafield>
  <datafield tag="400" ind1="1" ind2=" ">
    <subfield code="a">معمار، ابراهيم بن علي،</subfield>
    <subfield code="d">-1348</subfield>
  </datafield>
  <datafield tag="400" ind1="1" ind2=" ">
    <subfield code="a">معمار، ابراهيم،</subfield>
    <subfield code="d">-1348</subfield>
  </datafield>
  <datafield tag="400" ind1="0" ind2=" ">
    <subfield code="a">ابراهيم بن احمد،</subfield>
    <subfield code="d">-1348</subfield>
  </datafield>
  <datafield tag="400" ind1="1" ind2=" ">
    <subfield code="a">معمار، ابراهيم بن عبد الله،</subfield>
    <subfield code="d">-1348</subfield>
  </datafield>
  <datafield tag="400" ind1="0" ind2=" ">
    <subfield code="a">غلام النوري،</subfield>
    <subfield code="d">-1348</subfield>
  </datafield>
  <datafield tag="667" ind1=" " ind2=" ">
    <subfield code="a">Non-Latin script references not evaluated.</subfield>
  </datafield>
  <datafield tag="670" ind1=" " ind2=" ">
    <subfield code="a">Dīwān Jamāl al-Dīn Ibrāhīm ibn ʻAlī al-Miʻmār, al-mutawaffá sanat 749 H, 2017:</subfield>
    <subfield code="b">title page (جمال الدين ابراهيم بن علي المعمار = Jamāl al-Dīn Ibrāhīm ibn ʻAlī al-Miʻmār) page 9, etc. (( (ابراهيم بن علي ابراهيم الحائك المعمار المعروف بغلام النوري المصري الحجازي الاصل = ̜Ibrāhīm ibn ʻAlī Ibrāhīm al-Ḥāʼik al-Miʻmār al-maʻrūf bi-Ghulām al-Nūrī al-Miṣrī al-Ḥijāzī al-aṣl; ابراهيم بن احمد = Ibrāhīm ibn Aḥmad; ابراهيم بن عبد الله المعمار = Ibrāhīm ibn ʻAbd Allāh al-Miʻmār; his kunyah [noun phrase as part of a name meaning &quot;father of...&quot; or &quot;mother of...&quot;] was ابو عبد الله = Abū ʻAbd Allāh; the expression غلام النوري = Ghulām al-Nūrī indicates that he was a slave [ghulām means slave] of someone called al-Nūrī whose identity is otherwise unknown; known as al-Ḥāʼik [the weaver] for the period of his life he spent as a weaver; known best as al-Miʻmār [the architect or builder] from his involvement in building; he was born in Cairo; he died of the plague in Jumādá al-Ākhirah in 749 H [1348])</subfield>
  </datafield>
  <datafield tag="670" ind1=" " ind2=" ">
    <subfield code="a">Muʻjam al-muʼallifīn, 1980:</subfield>
    <subfield code="b">(ابراهيم المعمار = Ibrāhīm al-Miʻmār; ابراهيم بن علي المعمار = Ibrāhīm ibn ʻAlī al-Miʻmār; poet; died 749 H/1348 M)</subfield>
  </datafield>
  <datafield tag="670" ind1=" " ind2=" ">
    <subfield code="a">Geschichte der Arabischen Litteratur, 1943:</subfield>
    <subfield code="b">(Abu ʼẓ-Ẓarāʼif Ibr. b. ʻA. b. Ibr. al-Miʻmār al-Ḥāʼik al-Miṣrī Ġulām al-Nuwairī, died 1348)</subfield>
  </datafield>
</record>