
<record>
  <leader>01431nz  a2200205n  4500</leader>
  <controlfield tag="001">11257788</controlfield>
  <controlfield tag="003">DLC</controlfield>
  <controlfield tag="005">20200103073023.0</controlfield>
  <controlfield tag="008">200102n| azannaabn          |n aaa     c</controlfield>
  <datafield tag="010" ind1=" " ind2=" ">
    <subfield code="a">no2020000394</subfield>
  </datafield>
  <datafield tag="035" ind1=" " ind2=" ">
    <subfield code="a">(OCoLC)oca12668375</subfield>
  </datafield>
  <datafield tag="040" ind1=" " ind2=" ">
    <subfield code="a">UPB</subfield>
    <subfield code="b">eng</subfield>
    <subfield code="e">rda</subfield>
    <subfield code="c">UPB</subfield>
  </datafield>
  <datafield tag="046" ind1=" " ind2=" ">
    <subfield code="f">1809-10-24</subfield>
    <subfield code="g">1889-09-18</subfield>
    <subfield code="2">edtf</subfield>
  </datafield>
  <datafield tag="100" ind1="1" ind2=" ">
    <subfield code="a">Barr, John,</subfield>
    <subfield code="d">1809-1889</subfield>
  </datafield>
  <datafield tag="370" ind1=" " ind2=" ">
    <subfield code="a">Paisley (Scotland)</subfield>
    <subfield code="b">Dunedin (N.Z.)</subfield>
    <subfield code="f">Otago (N.Z.)</subfield>
    <subfield code="f">Balclutha (N.Z.)</subfield>
    <subfield code="2">naf</subfield>
  </datafield>
  <datafield tag="374" ind1=" " ind2=" ">
    <subfield code="a">Poets</subfield>
    <subfield code="2">lcsh</subfield>
  </datafield>
  <datafield tag="375" ind1=" " ind2=" ">
    <subfield code="a">Males</subfield>
    <subfield code="2">lcdgt</subfield>
  </datafield>
  <datafield tag="377" ind1=" " ind2=" ">
    <subfield code="a">eng</subfield>
  </datafield>
  <datafield tag="670" ind1=" " ind2=" ">
    <subfield code="a">Romanticism, 2019:</subfield>
    <subfield code="b">volume 25, number 1, pages 81-89 (Exporting &apos;The cotter&apos;s  Saturday night&apos;: Robert Burns, Scottish Romantic nationalism and colonial settler identity, [by] Sarah Sharp; discusses the poetry of John Barr, who emigrated from Paisley, Scotland, to New Zealand in 1852)</subfield>
  </datafield>
  <datafield tag="670" ind1=" " ind2=" ">
    <subfield code="a">Wikipedia, via WWW, 26 December 2019</subfield>
    <subfield code="b">(John Barr of Craigilee; born 24 October 1809 in Paisley, Scotland; died 18 September 1889 in Dunedin, New Zealand; was a Scottish-New Zealand poet; moved to Otago in 1852, and farmed a property at Halfway Bush. In 1857 he moved with his wife Mary Jamieson (née Lamb) and their four children to Balclutha, and established a farm which he called Craigilee. He was the founder of the New Zealand Robert Burns Society. In his time, he was considered the Laureate of Otago Province. By Feb 1862 John was in Dunedin when he printed a &apos;little volume&apos; of poems, published in Edinburgh.)</subfield>
  </datafield>
</record>