
<record>
  <leader>00599nz  a2200169n  4500</leader>
  <controlfield tag="001">11257791</controlfield>
  <controlfield tag="003">DLC</controlfield>
  <controlfield tag="005">20200103073023.0</controlfield>
  <controlfield tag="008">200102n| azannaabn          |n aaa     c</controlfield>
  <datafield tag="010" ind1=" " ind2=" ">
    <subfield code="a">no2020000397</subfield>
  </datafield>
  <datafield tag="035" ind1=" " ind2=" ">
    <subfield code="a">(OCoLC)oca12668378</subfield>
  </datafield>
  <datafield tag="040" ind1=" " ind2=" ">
    <subfield code="a">WaBeW</subfield>
    <subfield code="b">eng</subfield>
    <subfield code="e">rda</subfield>
    <subfield code="c">WaBeW</subfield>
  </datafield>
  <datafield tag="100" ind1="1" ind2=" ">
    <subfield code="a">Pavlovksy, Bruno</subfield>
  </datafield>
  <datafield tag="370" ind1=" " ind2=" ">
    <subfield code="f">Paris (France)</subfield>
    <subfield code="2">naf</subfield>
  </datafield>
  <datafield tag="373" ind1=" " ind2=" ">
    <subfield code="a">Chanel (Firm)</subfield>
    <subfield code="2">naf</subfield>
  </datafield>
  <datafield tag="670" ind1=" " ind2=" ">
    <subfield code="a">Chanel, 2019:</subfield>
    <subfield code="b">page 221 (Bruno Pavlovksy; Chanel&apos;s President of Fashion)</subfield>
  </datafield>
  <datafield tag="670" ind1=" " ind2=" ">
    <subfield code="a">LinkedIn.com, January 2, 2020:</subfield>
    <subfield code="b">Bruno Pavlovksy (professionally based in Paris, France)</subfield>
    <subfield code="u">https://www.linkedin.com/in/bruno-pavlovsky-3743464/</subfield>
  </datafield>
</record>