
<record>
  <leader>00679nz  a2200229n  4500</leader>
  <controlfield tag="001">11257794</controlfield>
  <controlfield tag="003">DLC</controlfield>
  <controlfield tag="005">20200103073024.0</controlfield>
  <controlfield tag="008">200102n| azaabaaan          |n ana     c</controlfield>
  <datafield tag="010" ind1=" " ind2=" ">
    <subfield code="a">no2020000403</subfield>
  </datafield>
  <datafield tag="035" ind1=" " ind2=" ">
    <subfield code="a">(OCoLC)oca12668384</subfield>
  </datafield>
  <datafield tag="040" ind1=" " ind2=" ">
    <subfield code="a">ICrlF</subfield>
    <subfield code="b">eng</subfield>
    <subfield code="e">rda</subfield>
    <subfield code="c">ICrlF</subfield>
  </datafield>
  <datafield tag="046" ind1=" " ind2=" ">
    <subfield code="k">2016</subfield>
    <subfield code="2">edtf</subfield>
  </datafield>
  <datafield tag="130" ind1=" " ind2="0">
    <subfield code="a">Primeros lectores (Syncretic Press, LLC)</subfield>
  </datafield>
  <datafield tag="370" ind1=" " ind2=" ">
    <subfield code="g">Wilmington (Del.)</subfield>
    <subfield code="2">naf</subfield>
  </datafield>
  <datafield tag="373" ind1=" " ind2=" ">
    <subfield code="a">Syncretic Press, LLC</subfield>
    <subfield code="2">naf</subfield>
  </datafield>
  <datafield tag="380" ind1=" " ind2=" ">
    <subfield code="a">Series (Publications)</subfield>
    <subfield code="2">lcsh</subfield>
  </datafield>
  <datafield tag="643" ind1=" " ind2=" ">
    <subfield code="a">[Wilmington, Delaware]</subfield>
    <subfield code="b">Syncretic Press</subfield>
  </datafield>
  <datafield tag="644" ind1=" " ind2=" ">
    <subfield code="a">f</subfield>
    <subfield code="5">ICrlF</subfield>
  </datafield>
  <datafield tag="645" ind1=" " ind2=" ">
    <subfield code="a">t</subfield>
    <subfield code="5">DPCC</subfield>
    <subfield code="5">ICrlF</subfield>
  </datafield>
  <datafield tag="646" ind1=" " ind2=" ">
    <subfield code="a">s</subfield>
    <subfield code="5">ICrlF</subfield>
  </datafield>
  <datafield tag="670" ind1=" " ind2=" ">
    <subfield code="a">Pisos, Cecilia. Tablet, 2017, c2016:</subfield>
    <subfield code="b">back cover (Primeros lectores)</subfield>
  </datafield>
</record>