
<record>
  <leader>01219nz  a2200229n  4500</leader>
  <controlfield tag="001">11257795</controlfield>
  <controlfield tag="003">DLC</controlfield>
  <controlfield tag="005">20200103073024.0</controlfield>
  <controlfield tag="008">200102n| azannaabn          |a aaa     c</controlfield>
  <datafield tag="010" ind1=" " ind2=" ">
    <subfield code="a">no2020000404</subfield>
  </datafield>
  <datafield tag="035" ind1=" " ind2=" ">
    <subfield code="a">(OCoLC)oca12668385</subfield>
  </datafield>
  <datafield tag="040" ind1=" " ind2=" ">
    <subfield code="a">UPB</subfield>
    <subfield code="b">eng</subfield>
    <subfield code="e">rda</subfield>
    <subfield code="c">UPB</subfield>
  </datafield>
  <datafield tag="046" ind1=" " ind2=" ">
    <subfield code="f">1935</subfield>
    <subfield code="g">1978</subfield>
    <subfield code="2">edtf</subfield>
  </datafield>
  <datafield tag="100" ind1="1" ind2=" ">
    <subfield code="a">Helmstadter, Thomas H.,</subfield>
    <subfield code="d">1935-1978</subfield>
  </datafield>
  <datafield tag="372" ind1=" " ind2=" ">
    <subfield code="a">British literature</subfield>
    <subfield code="a">Romanticism--Great Britain</subfield>
    <subfield code="2">lcsh</subfield>
  </datafield>
  <datafield tag="373" ind1=" " ind2=" ">
    <subfield code="a">Wells College</subfield>
    <subfield code="a">Drexel Institute of Technology</subfield>
    <subfield code="2">naf</subfield>
    <subfield code="s">1962</subfield>
    <subfield code="t">1978</subfield>
  </datafield>
  <datafield tag="374" ind1=" " ind2=" ">
    <subfield code="a">Authors</subfield>
    <subfield code="a">College teachers</subfield>
    <subfield code="2">lcsh</subfield>
  </datafield>
  <datafield tag="375" ind1=" " ind2=" ">
    <subfield code="a">Males</subfield>
    <subfield code="2">lcdgt</subfield>
  </datafield>
  <datafield tag="377" ind1=" " ind2=" ">
    <subfield code="a">eng</subfield>
  </datafield>
  <datafield tag="400" ind1="1" ind2=" ">
    <subfield code="a">Helmstadter, Tom,</subfield>
    <subfield code="d">1935-1978</subfield>
  </datafield>
  <datafield tag="670" ind1=" " ind2=" ">
    <subfield code="a">Mosaic, 1976</subfield>
    <subfield code="b">volume 9, number 4, pages 91-106 (Wayward wisdom: Wordsworth&apos;s humor in the Lyrical ballads, by Thomas H. Helmstadter)</subfield>
  </datafield>
  <datafield tag="670" ind1=" " ind2=" ">
    <subfield code="a">The Wordsworth Circle, 1979:</subfield>
    <subfield code="b">volume 10, number 1, page 123 (Thomas H. Helmstadter, 1935-1978; English Romantic scholar Tom Helmstadter and his youngest son Tommy were struck and killed while bicycling in Ithaca, New York. Tom received his doctorate from the University of Pennsylvania in 1963, and taught at the Drexel Institute of Technology and Wells College 1962-1978. He authored articles on William Wordsworth and William Blake.)</subfield>
  </datafield>
</record>