
<record>
  <leader>00839nz  a2200217n  4500</leader>
  <controlfield tag="001">11257796</controlfield>
  <controlfield tag="003">DLC</controlfield>
  <controlfield tag="005">20200103073024.0</controlfield>
  <controlfield tag="008">200102n| azannaabn          |b aaa     c</controlfield>
  <datafield tag="010" ind1=" " ind2=" ">
    <subfield code="a">no2020000405</subfield>
  </datafield>
  <datafield tag="035" ind1=" " ind2=" ">
    <subfield code="a">(OCoLC)oca12668386</subfield>
  </datafield>
  <datafield tag="040" ind1=" " ind2=" ">
    <subfield code="a">ICrlF</subfield>
    <subfield code="b">eng</subfield>
    <subfield code="e">rda</subfield>
    <subfield code="c">ICrlF</subfield>
  </datafield>
  <datafield tag="046" ind1=" " ind2=" ">
    <subfield code="k">2018</subfield>
    <subfield code="2">edtf</subfield>
  </datafield>
  <datafield tag="100" ind1="1" ind2=" ">
    <subfield code="a">Santat, Dan.</subfield>
    <subfield code="t">Cookie fiasco.</subfield>
    <subfield code="l">Korean</subfield>
  </datafield>
  <datafield tag="377" ind1=" " ind2=" ">
    <subfield code="a">kor</subfield>
  </datafield>
  <datafield tag="381" ind1=" " ind2=" ">
    <subfield code="a">Yi</subfield>
  </datafield>
  <datafield tag="400" ind1="1" ind2=" ">
    <subfield code="a">Santat, Dan.</subfield>
    <subfield code="t">Uri nŭn net k&apos;uk&apos;i nŭn set</subfield>
  </datafield>
  <datafield tag="400" ind1="1" ind2=" ">
    <subfield code="a">Santat, Dan.</subfield>
    <subfield code="t">우리 는 넷 쿠키 는 셋</subfield>
  </datafield>
  <datafield tag="667" ind1=" " ind2=" ">
    <subfield code="a">Non-Latin script references not evaluated.</subfield>
  </datafield>
  <datafield tag="670" ind1=" " ind2=" ">
    <subfield code="a">Santat, Dan. Uri nŭn net k&apos;uk&apos;i nŭn set, 2018:</subfield>
    <subfield code="b">colophon (priginal title: The cookie fiasco ; Korean edition)</subfield>
  </datafield>
  <datafield tag="670" ind1=" " ind2=" ">
    <subfield code="a">OCLC, Dec. 30, 2019</subfield>
    <subfield code="b">(우리 는 넷 쿠키 는 셋= Uri nŭn net k&apos;uk&apos;i nŭn set = The cookie fiasco / Dan Santat ; Yi Sun-yŏng, translator)</subfield>
  </datafield>
</record>