
<record>
  <leader>00653nz  a2200193n  4500</leader>
  <controlfield tag="001">11257804</controlfield>
  <controlfield tag="003">DLC</controlfield>
  <controlfield tag="005">20200103073024.0</controlfield>
  <controlfield tag="008">200102n| azannaabn          |b aaa     c</controlfield>
  <datafield tag="010" ind1=" " ind2=" ">
    <subfield code="a">no2020000421</subfield>
  </datafield>
  <datafield tag="035" ind1=" " ind2=" ">
    <subfield code="a">(OCoLC)oca12668402</subfield>
  </datafield>
  <datafield tag="040" ind1=" " ind2=" ">
    <subfield code="a">InU</subfield>
    <subfield code="b">eng</subfield>
    <subfield code="e">rda</subfield>
    <subfield code="c">InU</subfield>
  </datafield>
  <datafield tag="046" ind1=" " ind2=" ">
    <subfield code="k">2019</subfield>
    <subfield code="2">edtf</subfield>
  </datafield>
  <datafield tag="100" ind1="1" ind2=" ">
    <subfield code="a">Paustovsky, Konstantin,</subfield>
    <subfield code="d">1892-1968.</subfield>
    <subfield code="t">Works.</subfield>
    <subfield code="k">Selections (2019)</subfield>
  </datafield>
  <datafield tag="377" ind1=" " ind2=" ">
    <subfield code="a">rus</subfield>
  </datafield>
  <datafield tag="381" ind1=" " ind2=" ">
    <subfield code="a">Selections</subfield>
  </datafield>
  <datafield tag="400" ind1="1" ind2=" ">
    <subfield code="a">Paustovsky, Konstantin,</subfield>
    <subfield code="d">1892-1968.</subfield>
    <subfield code="t">Maloe sobranie sochineniĭ</subfield>
  </datafield>
  <datafield tag="400" ind1="1" ind2=" ">
    <subfield code="a">Paustovsky, Konstantin,</subfield>
    <subfield code="d">1892-1968.</subfield>
    <subfield code="t">Малое собрание сочинений</subfield>
  </datafield>
  <datafield tag="670" ind1=" " ind2=" ">
    <subfield code="a">Paustovsky, Konstantin. Maloe sobranie sochineniĭ, 2019.</subfield>
  </datafield>
</record>