
<record>
  <leader>01102nz  a2200217n  4500</leader>
  <controlfield tag="001">11257806</controlfield>
  <controlfield tag="003">DLC</controlfield>
  <controlfield tag="005">20200103073024.0</controlfield>
  <controlfield tag="008">200102n| azannaabn          |n aaa     c</controlfield>
  <datafield tag="010" ind1=" " ind2=" ">
    <subfield code="a">no2020000432</subfield>
  </datafield>
  <datafield tag="035" ind1=" " ind2=" ">
    <subfield code="a">(OCoLC)oca12668413</subfield>
  </datafield>
  <datafield tag="040" ind1=" " ind2=" ">
    <subfield code="a">UPB</subfield>
    <subfield code="b">eng</subfield>
    <subfield code="e">rda</subfield>
    <subfield code="c">UPB</subfield>
  </datafield>
  <datafield tag="100" ind1="1" ind2=" ">
    <subfield code="a">Conrad, Eric</subfield>
    <subfield code="q">(Eric Christopher)</subfield>
  </datafield>
  <datafield tag="372" ind1=" " ind2=" ">
    <subfield code="a">Literature</subfield>
    <subfield code="2">lcsh</subfield>
  </datafield>
  <datafield tag="374" ind1=" " ind2=" ">
    <subfield code="a">Authors</subfield>
    <subfield code="a">Teachers</subfield>
    <subfield code="a">Editors</subfield>
    <subfield code="2">lcsh</subfield>
  </datafield>
  <datafield tag="375" ind1=" " ind2=" ">
    <subfield code="a">Males</subfield>
    <subfield code="2">lcdgt</subfield>
  </datafield>
  <datafield tag="377" ind1=" " ind2=" ">
    <subfield code="a">eng</subfield>
  </datafield>
  <datafield tag="378" ind1=" " ind2=" ">
    <subfield code="q">Eric Christopher</subfield>
  </datafield>
  <datafield tag="670" ind1=" " ind2=" ">
    <subfield code="a">Nineteenth-century literature, 2019:</subfield>
    <subfield code="b">volume 74, issue 1, pages 54-86 (The poet as printer&apos;s fist: Walt Whitman&apos;s indicative hand, [by] Eric Conrad, Columbia Grammar &amp; Preparatory School)</subfield>
  </datafield>
  <datafield tag="670" ind1=" " ind2=" ">
    <subfield code="a">LinkedIn, via WWW, 23 December 2019</subfield>
    <subfield code="b">(Eric Conrad, dean &amp; English teacher, Columbia Grammar and Preparatory School; senior assistant editor of The Walt Whitman Archive; Ph.D. in English from the University of Iowa in 2013)</subfield>
  </datafield>
  <datafield tag="670" ind1=" " ind2=" ">
    <subfield code="a">University of Iowa libraries, via WWW, 23 December 2019</subfield>
    <subfield code="b">(PhD dissertation: The Walt Whitman brand: Leaves of grass and literary promotion, 1855-1892 (2013), by Eric Christopher Conrad)</subfield>
  </datafield>
</record>