
<record>
  <leader>00738nz  a2200181n  4500</leader>
  <controlfield tag="001">11257807</controlfield>
  <controlfield tag="003">DLC</controlfield>
  <controlfield tag="005">20200103073024.0</controlfield>
  <controlfield tag="008">200102n| azannaabn          |a ana     c</controlfield>
  <datafield tag="010" ind1=" " ind2=" ">
    <subfield code="a">no2020000433</subfield>
  </datafield>
  <datafield tag="035" ind1=" " ind2=" ">
    <subfield code="a">(OCoLC)oca12668414</subfield>
  </datafield>
  <datafield tag="040" ind1=" " ind2=" ">
    <subfield code="a">MnHi</subfield>
    <subfield code="b">eng</subfield>
    <subfield code="e">rda</subfield>
    <subfield code="c">MnHi</subfield>
  </datafield>
  <datafield tag="110" ind1="2" ind2=" ">
    <subfield code="a">Mt. Carmel Lutheran Church (Minneapolis, Minn.)</subfield>
  </datafield>
  <datafield tag="370" ind1=" " ind2=" ">
    <subfield code="c">United States</subfield>
    <subfield code="e">Minneapolis (Minn.)</subfield>
    <subfield code="2">naf</subfield>
  </datafield>
  <datafield tag="371" ind1=" " ind2=" ">
    <subfield code="a">1701 St. Anthony Parkway</subfield>
    <subfield code="b">Minneapolis</subfield>
    <subfield code="c">Minnesota</subfield>
    <subfield code="e">55418</subfield>
  </datafield>
  <datafield tag="377" ind1=" " ind2=" ">
    <subfield code="a">eng</subfield>
  </datafield>
  <datafield tag="410" ind1="2" ind2=" ">
    <subfield code="a">Mount Carmel Lutheran Church (Minneapolis, Minn.)</subfield>
  </datafield>
  <datafield tag="670" ind1=" " ind2=" ">
    <subfield code="a">Treasures from heaven (Mt. Carmel Lutheran Church (Minneapolis, Minn.). Treasures from heaven, 2001:</subfield>
    <subfield code="b">title page (Mt. Carmel Lutheran Church, 1701 St. Anthony Parkway, Minneapolis, Minnesota 55418)</subfield>
  </datafield>
</record>